1678 2964
234 153 289 191 26
759 142 1065 190 SUETONH

375 277 433 340 Q.
456 278 726 323 Remmius
747 278 1074 336 Palaemon,
1118 278 1437 339 vicentinus,
1481 297 1589 328 mu-

234 344 366 392 lieris
404 362 578 401 verna,
614 348 802 408 primo,
835 358 890 391 ut
907 344 1095 403 serunt,
1123 350 1415 405 textrinum,
1449 347 1590 395 dein-

239 413 330 469 de,
380 411 595 458 herilem
627 411 784 458 lilium
828 411 948 459 dum
994 416 1255 460 comitatur
1289 417 1342 461 in
1384 414 1588 476 scholas,

235 479 401 526 literas
445 479 641 526 didicit:
703 478 871 544 postea
904 479 1244 540 manumiss'us,
1290 482 1463 537 docuit
1490 485 1590 530 Ro-

234 565 372 605 mae,
438 564 498 594 ac
546 550 828 612 principem
864 548 1035 595 locum
1074 551 1203 596 inter
1241 553 1591 614 grammaticos

232 618 413 662 tenuit:
459 633 765 680 quamnquam
799 616 995 662 insaniis
1038 616 1267 663 omnibus
1294 619 1443 676 vitiis,
1501 636 1590 683 pa-

231 681 436 748 lamque
471 696 519 730 et
561 684 767 731 Tiberio
804 696 853 730 et
889 700 1007 731 mox
1045 683 1258 730 Claudio
1292 685 1591 750 praedican-

231 751 386 809 tibus,
462 754 652 798 nemini
701 754 866 810 minus
916 751 1269 799 institutionem
1314 770 1590 816 puerorum

229 819 312 866 vel
342 821 580 866 iuvenum
626 819 1058 876 com1nittendzun3
1112 819 1196 866 sed
1229 820 1462 884 capiebat
1499 821 1590 869 ho-

230 889 390 934 mines
447 904 605 951 quum
652 890 895 934 memoria
944 904 1133 945 rerum,
1207 900 1312 933 tum
1352 886 1590 938 facilitate

225 956 490 1002 sermonis:
541 972 641 1002 nec
681 972 785 1001 non
829 957 976 1002 etiam
1007 967 1244 1020 poemata
1271 954 1493 1003 faciebat
1526 975 1589 1005 ex

230 1035 473 1087 tempore.
539 1021 737 1086 Scripfit
757 1036 805 1070 et
823 1026 993 1080 variis,
1035 1040 1135 1090 nec
1167 1022 1449 1088 vulgaribus
1483 1042 1587 1073 me-

229 1093 330 1138 tris.
411 1091 705 1154 Arrogantia
750 1090 841 1137 suit
888 1103 1048 1149 tanta,
1098 1103 1152 1136 ut
1194 1091 1262 1137 M.
1307 1092 1589 1141 Varronem

224 1160 451 1224 porcum
477 1153 776 1223 appellarem
811 1158 979 1209 secum
1012 1171 1060 1204 et
1088 1171 1227 1204 natas
1253 1171 1302 1205 et
1323 1163 1588 1209 morituras

227 1226 393 1273 literas
436 1230 667 1283 iactaret3
716 1243 906 1273 nomen
951 1225 1089 1272 suum
1125 1229 1177 1272 in
1207 1226 1452 1275 Bucolicis
1480 1245 1587 1275 non

226 1306 419 1342 temere
453 1293 689 1359 politum,
740 1293 824 1341 sed
853 1292 1192 1358 praesagiente
1220 1295 1450 1360 Virgilio,
1511 1295 1587 1343 fo-

225 1378 284 1410 re
317 1363 625 1428 quandoque
654 1365 879 1408 omnium
907 1375 1171 1427 poetarum
1204 1379 1265 1410 ac
1293 1376 1587 1426 poematum

225 1431 585 1478 Palaemonem
624 1431 860 1477 iudicem.
949 1429 1268 1476 Gloriabatur
1306 1433 1479 1490 etiam,
1516 1432 1585 1478 la-

225 1510 396 1547 trones
424 1498 683 1564 quondam
707 1495 815 1556 fibi,
851 1511 1057 1562 propter
1084 1499 1298 1544 nominis
1326 1497 1587 1546 celebrita-

221 1579 326 1614 tem
370 1565 579 1632 parsiss'e.
663 1568 911 1613 Luxuriae
942 1570 1010 1611 ita
1039 1563 1259 1624 indulsit,
1306 1579 1363 1612 ut
1394 1565 1585 1632 saepius

221 1637 276 1682 in
306 1635 389 1683 die
417 1636 626 1692 lavaret,
663 1651 762 1681 nec
792 1631 1035 1682 sufficeret
1067 1633 1362 1698 sumptibus,
1411 1652 1586 1699 quam-

222 1721 377 1769 quam
411 1720 472 1751 ex
503 1702 669 1750 schola
698 1702 1023 1768 quadragena
1053 1718 1220 1748 annua
1254 1717 1481 1766 caperet,
1524 1721 1586 1752 ac

221 1788 329 1818 non
370 1770 528 1818 multo
565 1773 726 1817 minus
773 1787 835 1816 ex
885 1787 940 1816 re
977 1769 1230 1827 familiari,
1297 1773 1435 1817 cuius
1478 1771 1586 1818 dili-

221 1837 522 1901 gentissimus
563 1851 689 1887 erat:
743 1855 900 1903 quum
946 1850 995 1885 et
1043 1836 1266 1885 officinas
1296 1855 1585 1901 promerca-

220 1908 344 1954 lium
369 1906 574 1955 vestium
611 1919 891 1963 exerceret,
954 1918 1003 1952 et
1033 1922 1176 1970 agros
1211 1904 1341 1951 adeo
1379 1905 1584 1966 coleret,

221 1989 276 2022 ut
312 1979 488 2034 vitem,
547 1992 704 2022 manu
747 1974 851 2022 eius
889 1972 1181 2032 institutam,
1248 1971 1375 2033 satis,
1397 1973 1585 2023 constet

224 2137 319 2188 cens.
371 2153 521 2188 Lucillii
583 2153 691 2201 epigr.
741 2164 781 2197 ¹7
822 2151 859 2185 in
936 2153 982 2186 Et
1009 2151 1088 2187 cod.
1110 2147 1209 2185 Voff.
1232 2160 1454 2196 praenomen
1471 2152 1583 2190 habet

220 2212 376 2246 Bruuck.
400 2212 446 2245 T.
466 2213 510 2245 Π.
538 2223 572 2257 p.
594 2218 670 2251 520.
727 2208 799 2243 Sed
821 2222 862 2242 os·
939 2221 974 2244 et
999 2209 1127 2248 Paris..
1161 2206 1259 2242 unde
1281 2205 1421 2242 addidi.

219 2269 367 2302 nullum
396 2269 565 2303 translate
599 2267 721 2314 accipe
762 2265 861 2300 indi·
990 2266 1254 2310 Textrlnum}
1286 2264 1473 2300 Conlicias
1502 2275 1582 2299 tex-

207 2327 380 2372 sertum:
426 2327 488 2361 alii
530 2335 675 2373 putant,
719 2325 861 2359 nullius
939 2330 1095 2359 trinam:
1122 2335 1158 2358 at
1176 2324 1220 2358 cf.
1242 2325 1331 2369 Aug.
1359 2335 1388 2356 e.
1410 2321 1546 2365 4med.

216 2382 399 2428 pudoris.-
446 2385 576 2420 ictibus
621 2381 861 2416 deformatum
981 2383 1169 2416 Poemata
1203 2381 1243 2429 f.
1292 2395 1340 2416 ex
1390 2379 1580 2426 tempore]

221 2452 262 2473 ac
282 2451 422 2476 tumens
444 2439 629 2489 quomodo
643 2439 790 2474 nullum
809 2440 863 2474 di·
936 2439 1095 2474 Marti-11.
1133 2452 1164 2476 2.
1205 2441 1261 2482 86.
1310 2439 1456 2474 Scribat
1503 2449 1582 2470 car-

221 2498 254 2531 ci
282 2498 406 2546 possit,
432 2511 506 2532 non
540 2496 722 2543 intelligo,
749 2510 862 2544 quum
938 2502 1044 2529 mina
1071 2500 1219 2532 circulis
1245 2497 1481 2531 Palaemon.-
1518 2495 1584 2527 Me

219 2554 300 2601 plus
321 2553 363 2589 fit
385 2556 494 2589 etiam
513 2568 619 2602 quam
641 2567 693 2590 os.
939 2561 1037 2588 raris
1081 2561 1186 2589 iuvat
1223 2555 1379 2588 auribus
1417 2553 1579 2600 placere.

263 2613 352 2660 Cap.
367 2621 421 2654 23.
434 2613 620 2646 Remmius
630 2612 858 2657 Palaemon]
936 2611 1066 2646 Statim
1085 2611 1184 2646 Voss‘.
1209 2621 1244 2647 et
1255 2611 1362 2648 Paris.
1385 2621 1420 2645 et
1438 2620 1505 2645 vet.
1524 2607 1580 2642 ed.

215 2670 281 2705 Ed.
310 2671 464 2706 florent.
492 2671 534 2716 Q
552 2672 738 2706 Remulus.
767 2672 858 2707 Ean.
936 2668 1087 2716 Scripfit
1123 2683 1240 2705 vero
1285 2673 1418 2707 variis.
