1678 2964
91 603 144 631 11

203 124 254 165 ιε
290 185 295 190 ἃ
721 74 1041 158 ἐυΕΤΟΝΠ

199 262 250 297 et
284 246 464 312 figuras
499 245 689 292 solitum
722 244 818 294 effe
854 247 1091 312 colligere
1122 245 1371 296 Sallustio:
1410 267 1568 318 quum

199 316 287 363 sibi
322 316 437 363 sciat
464 315 535 361 nil
567 314 700 360 aliud
738 314 969 373 suadere,
1018 332 1170 379 quam
1205 329 1261 363 ut
1292 330 1415 364 noto
1453 322 1569 366 civi-

196 385 335 449 lique
371 397 420 430 et
457 385 663 447 proprio
700 380 926 430 sermone
962 396 1148 440 utatur,
1206 388 1430 449 vitetque
1465 403 1569 432 ma-

195 457 329 499 xime
362 449 713 497 obscuritatem
739 449 948 497 Sallustii
980 465 1029 498 et
1049 451 1314 500 audaciam
1336 456 1389 500 in
1412 465 1568 501 trans-

196 520 482 567 lationibus.

338 587 584 634 Valerius
629 585 798 636 Caro,
867 599 923 632 ut
965 583 1569 648 nonnulli'tradiderunss

197 656 398 704 Burseni
421 653 680 702 cuiusdam
700 653 923 712 libertus,
950 671 1010 699 ex
1036 654 1220 701 Gallia:
1254 655 1358 720 ipse
1380 655 1570 715 libello,

204 728 288 772 cui
319 721 385 771 est
420 722 585 768 titulus
618 722 973 782 Indignatio,
1009 725 1284 784 ingenuum
1317 722 1364 770 se
1394 736 1572 771 natum

204 797 293 851 ait,
329 804 377 838 et
408 790 653 855 pupillum
681 788 936 847 relictum,
995 806 1161 854 eoque
1192 790 1385 838 facilius
1414 790 1571 838 licen-

202 864 271 907 tia
302 859 493 907 Sullani
522 859 762 920 temporis
807 870 1011 904 exutum
1055 860 1375 922 patrimonio.
1462 859 1571 904 Do-

204 932 308 976 cuit
338 927 519 974 multos
551 938 598 973 et
632 924 852 982 nobiles;
906 923 1134 990 visusque
1167 925 1231 973 est
1260 926 1571 991 peridoneus

201 1008 530 1062 praeceptor,
588 995 803 1040 maxime
838 993 903 1039 ad
933 997 1188 1057 poeticam
1218 993 1570 1053 tendentibus;

201 1077 259 1111 ut
289 1063 497 1130 quidem
531 1077 778 1126 apparere
810 1060 892 1108 vel
924 1060 998 1107 his
1028 1060 1276 1115 versiculis
1307 1061 1492 1127 potest:

370 1155 481 1193 Caco
518 1152 865 1197 Grammaticus,
912 1152 1081 1188 Latina
1109 1151 1249 1194 Siren,

372 1211 460 1265 Qui
478 1209 602 1260 solus
628 1208 734 1258 legit
762 1220 818 1244 ac
831 1208 958 1260 facit
984 1215 1154 1261 poetas.

197 1288 401 1355 Scripfit
431 1300 632 1354 praeter
663 1288 1012 1351 grammaticos
1041 1284 1239 1332 libellos
1270 1287 1420 1332 etiam
1447 1301 1570 1349 poe-

199 1373 360 1417 mata,
399 1375 461 1405 ex
491 1355 670 1421 quibus
701 1356 978 1418 praecipue
1008 1352 1291 1418 probantur
1309 1353 1491 1417 Lydia
1521 1362 1571 1400 et

199 1431 406 1476 Diana.
475 1425 689 1489 Lydiae
721 1421 905 1468 Ticida
936 1423 1189 1469 meminit:

921 1654 1024 1689 muni
1055 1653 1247 1689 doctorum
1274 1649 1341 1687 usu
1367 1647 1484 1685 oratio
1501 1657 1571 1682 tra-

243 1657 413 1694 Suadere
441 1658 536 1702 erc.]
595 1658 779 1705 Tempora
805 1656 846 1690 in

194 1717 269 1753 hoc
300 1718 382 1751 loco
413 1729 488 1749 nou
527 1714 607 1749 satis
641 1727 724 1763 apta
751 1714 843 1748 [unt.

195 1774 367 1810 Debebat
401 1774 498 1807 euim
530 1773 599 1807 esse
625 1773 765 1818 senet,
809 1780 844 1804 et

792 1828 845 1861 Ea

196 1891 351 1924 mutatio
365 1889 448 1923 oriri
462 1887 582 1935 potuit
600 1900 619 1920 e
638 1885 842 1931 verbosan-

198 1949 309 1987 ἄρνε,
347 1958 457 1994 quum
482 1957 557 1978 non
586 1942 840 1988 intelligerent,

195 2006 318 2041 referri
357 2004 402 2038 ad
435 2003 601 2048 solitum
638 2000 717 2046 cffe.
749 2001 840 2033 Enx.

194 2061 298 2097 Idne
319 2075 386 2095 nos
407 2060 555 2108 quidem
576 2059 658 2104 [atis
674 2056 844 2103 intelligi-

194 2134 289 2155 mus.
329 2119 438 2154 Nihil
459 2119 521 2152 hic
547 2128 724 2152 mutatum
742 2114 840 2148 vide-

197 2189 254 2213 tur
277 2190 296 2210 a
317 2176 484 2214 librariis,
511 2186 545 2209 et
563 2174 670 2222 ipfius
693 2173 840 2220 scripto-

194 2235 243 2270 ris
274 2233 361 2273 esse,
396 2233 422 2268 fi
453 2232 542 2281 quid
572 2231 651 2266 duri
680 2229 771 2264 inest
801 2229 839 2263 in

195 2291 312 2326 subito
346 2290 407 2325 usu
439 2289 631 2338 praesentis
670 2287 839 2336 temporis

195 2349 395 2383 verborum.
451 2347 508 2381 Ad
543 2346 723 2381 infinitum
747 2345 843 2389 sua-

197 2408 286 2441 dere
305 2406 420 2441 intell.
442 2407 550 2439 illum
571 2405 595 2439 i.
617 2418 647 2438 e.
670 2403 839 2438 Atteium.

193 2467 424 2501 Burmannus
461 2464 556 2497 coni.
607 2474 718 2509 quem
747 2459 839 2505 fibi,

192 2523 318 2572 paullo
349 2523 542 2557 obicurius.
591 2520 671 2554 Nec
699 2519 734 2552 in
765 2517 843 2551 reli·

195 1847 281 1867 mox
313 1841 480 1865 uteretur
509 1841 543 1864 et
570 1835 725 1863 vitaret.

136 2580 139 2582 ³
195 2583 275 2630 quis
299 2579 440 2628 aliquid
459 2577 690 2613 movendum,
714 2574 842 2621 inqui-

194 2639 260 2673 bus
285 2637 462 2672 Pollionis
490 2635 684 2670 abhorrens
705 2646 724 2667 a
746 2645 841 2665 tom-

923 1712 1006 1746 duci
1028 1710 1179 1746 videtur.

969 1771 1062 1818 Cap.
1081 1782 1133 1803 ιι.
1173 1768 1279 1812 Legit
1303 1761 1462 1810 acsacit
1479 1773 1569 1808 poe-

922 1829 1004 1872 tas]
1047 1822 1299 1870 praelegendis
1317 1821 1375 1856 [eu
1397 1820 1570 1865 interpre-

918 1885 1039 1919 tandis
1085 1882 1202 1930 poetis
1248 1877 1331 1927 ipfis
1385 1876 1568 1912 auditores

919 1954 1044 1991 poetas
1064 1938 1206 1978 reddit;
1233 1949 1320 1972 non.
1346 1933 1437 1969 ficut
1454 1930 1576 1968 hodie

919 2000 960 2034 fit
995 2000 1035 2034 in
1071 1996 1194 2031 multis
1229 1990 1457 2029 Academiis‚
1504 2001 1569 2037 per

922 2055 1155 2090 aestheticam
1203 2049 1409 2099 quandam,
1455 2046 1567 2086 nude.

919 2113 980 2160 qui
1025 2122 1225 2158 numquam
1274 2119 1370 2144 recte
1405 2103 1571 2150 legerunt

918 2180 1082 2206 carmen,
1112 2166 1201 2214 quid
1221 2176 1330 2214 poeta
1350 2163 1392 2199 fit
1420 2173 1456 2196 et
1481 2174 1570 2209 quo·

917 2223 1029 2258 modo
1049 2236 1102 2257 res
1133 2222 1209 2258 suas
1237 2235 1340 2270 agat,
1371 2219 1506 2254 discere
1535 2228 1571 2254 et

919 2279 1121 2326 intelligere
1147 2282 1294 2321 volunt,
1329 2291 1367 2315 ut
1396 2277 1423 2313 fi
1441 2288 1568 2312 caecus

921 2338 1072 2373 colores.
1137 2339 1276 2385 Legere
1304 2338 1342 2372 h.
1375 2336 1399 2370 l.
1427 2346 1502 2368 non
1523 2331 1568 2366 de

919 2396 1058 2444 privata
1082 2395 1251 2434 lectione,
1281 2393 1341 2428 sed
1360 2392 1405 2426 de
1428 2403 1570 2427 enarra·¹

920 2456 1020 2489 tione
1041 2465 1160 2487 coram
1181 2450 1367 2499 discipulis
1390 2448 1571 2496 accipien-

921 2511 1007 2545 dum
1031 2510 1122 2544 bene
1144 2508 1269 2543 docuit
1286 2508 1408 2541 Burm.
1455 2507 1517 2541 Sic
1534 2515 1571 2540 et

921 2583 951 2604 c.
976 2576 1020 2612 24
1046 2579 1132 2603 extr.
1187 2567 1311 2601 Minus
1340 2563 1431 2598 bene
1455 2563 1569 2599 Hein-

919 2627 988 2663 sius
1011 2628 1106 2662 coni.
1129 2631 1229 2671 capit
1246 2632 1394 2670 poetas.
