1678 2964
181 194 266 245 498
319 254 322 257 ¹
539 193 749 234 CASAUB
756 195 835 233 ΟΝ
837 192 857 234 I
898 195 1201 235 COMMENT.

183 316 424 370 scriptores,
472 318 663 356 Tacitum
692 317 955 372 praesertim,
995 321 1264 368 Suetonium,
1309 315 1477 368 Plinios,
1517 330 1560 359 et

187 385 290 425 alios
327 388 427 424 item
451 387 686 428 ,confundh
750 400 880 438 quare
920 390 1043 426 etiam
1072 387 1140 426 lib.
1182 398 1220 436 5.
1259 402 1292 427 c.
1334 397 1398 440 57.
1429 390 1560 427 Tran-

189 453 339 505 quillus
371 456 413 492 in
453 457 666 492 mentione
706 453 856 492 horum
894 454 1128 509 legatorum
1160 453 1355 510 Augusti,
1391 455 1559 508 plebem

183 534 265 573 pro
296 520 461 574 populo
490 520 668 573 usurpat.
714 523 934 565 scurram,
964 525 1031 571 ait,
1060 524 1136 576 qui
1159 533 1471 576 praetereunte
1485 525 1562 576 fu-

188 602 293 626 nere
323 590 440 628 elato
480 600 650 628 mortno
697 587 962 633 mandarat,
1020 601 1066 628 nc
1104 592 1330 628 nunciaret
1367 588 1561 642 ‚Augusto

187 655 381 694 nondum
410 657 544 696 reddi
575 658 751 709 legata,
802 670 916 710 qnae
947 657 1071 711 plebi
1109 659 1357 712 reliqztfflbc.
1411 659 1565 710 Neque

188 726 296 763 enim
325 724 382 763 ibi
412 726 683 778 capiendum,
716 734 763 762 ut
793 725 906 776 apud
933 727 1148 774 Tacitum,
1189 727 1241 766 de
1268 727 1409 781 legato
1437 725 1565 764 tribu-

185 789 262 830 bus
302 793 474 841 relicto,
511 794 581 834 sed
619 794 672 832 de
703 789 853 844 populi
882 796 1036 851 legato.
1109 795 1238 848 Quod
1275 805 1413 833 autem
1440 796 1531 832 vico
1546 808 1573 824 -’

185 858 383 914 magistris
418 861 625 915 reliquisse
659 863 848 908 Tiberius
887 866 995 904 libro
1024 864 1222 917 sequente
1256 863 1427 910 dicitur,
1475 872 1565 900 tan-

188 928 361 967 tundem
401 930 530 977 valet,
575 945 621 969 ac
651 930 680 970 fi
710 934 897 974 tribubus
930 934 1123 984 scriptum
1157 929 1275 978 esset,
1327 940 1398 968 aut
1434 928 1564 981 plebi,

187 1006 235 1034 ut
272 997 443 1049 quidem
475 1000 643 1038 Tacitus
687 1006 848 1055 accipit.
919 1000 1151 1040 Absurdum
1181 1002 1289 1038 enim
1319 995 1365 1035 fit
1398 1006 1564 1049 putare,

186 1062 336 1105 cedere
362 1067 405 1104 in
433 1071 649 1118 propriam
679 1060 1099 1123 vico-{nagistrorum
1128 1065 1479 1106 utilitatem'issud
1505 1064 1566 1102 le-

190 1142 344 1185 gatum.
405 1135 513 1171 Nam
536 1146 702 1183 contra,
737 1152 809 1176 eos
842 1136 957 1175 fuisse
986 1136 1097 1174 velut
1122 1132 1492 1178 administratores,
1525 1142 1568 1171 et

187 1198 415 1238 istiusmodi
444 1200 718 1255 similiumque
746 1205 1013 1260 largitionum
1037 1202 1243 1248 divisores,
1274 1201 1470 1239 Asconius
1495 1200 1568 1238 ali-

189 1267 282 1307 cubi
302 1269 478 1315 indicat,
512 1281 553 1308 et
580 1284 626 1309 ex
655 1271 804 1312 Plauto
825 1271 1003 1325 probat:
1035 1283 1291 1323 quamquam
1315 1267 1383 1306 ille
1402 1281 1491 1306 non
1513 1267 1567 1306 de

187 1338 280 1374 vico
299 1359 316 1366 -
337 1335 558 1391 magistris,
589 1338 662 1377 sed
694 1343 897 1379 curiarum
925 1340 969 1378 id
994 1338 1140 1378 scribit.
1190 1339 1346 1375 Verum
1375 1336 1566 1382 arbitror,

187 1402 409 1456 postquam
446 1408 577 1444 creari
605 1420 787 1460 coepere
821 1411 943 1449 annui
973 1400 1031 1445 ill'i
1057 1408 1242 1445 vicorum
1274 1415 1484 1444 curatores
1516 1404 1569 1443 ab

186 1471 372 1524 Augusto
393 1472 572 1521 instituti,
601 1474 806 1528 pleraque
834 1487 1020 1514 veterum
1051 1476 1255 1513 curiarum
1279 1470 1570 1527 magistrorum

187 1542 351 1588 munia,
380 1543 421 1579 in
451 1541 527 1580 hos
553 1541 669 1581 fuisse
697 1544 904 1582 translata.
960 1544 1050 1580 Nec
1069 1541 1180 1580 'illud
1208 1541 1376 1592 quidem
1397 1552 1567 1585 novum,

190 1608 310 1659 quod
341 1607 468 1646 tribus
501 1610 684 1661 appellet
713 1612 934 1649 Suetonius
965 1609 1029 1648 vel
1057 1605 1261 1661 Augustus
1286 1609 1446 1658 potius,
1489 1620 1570 1658 po-

188 1675 277 1725 puli
317 1675 539 1715 viliflimam
575 1687 761 1727 partem,
819 1690 944 1730 quam
989 1677 1157 1714 Tacitus
1204 1673 1372 1726 plebem
1408 1671 1569 1727 κυρίως.

191 1740 422 1781 Observare
451 1746 559 1781 enim
580 1743 700 1791 licet,
732 1757 861 1796 quum
887 1743 1070 1794 populus
1101 1742 1224 1779 Rom.
1254 1754 1276 1778 a
1306 1739 1571 1791 scriptoribus

190 1809 323 1847 modo
354 1812 395 1847 in
434 1820 514 1849 tres
555 1811 723 1849 ordines
755 1809 1047 1865 distinguatur,
1106 1808 1238 1847 modo
1283 1810 1325 1845 in
1362 1817 1569 1860 quatuor,

147 1925 153 1929 ⁸
191 1877 324 1916 modo
353 1879 394 1916 in
425 1877 588 1929 plures,
623 1877 906 1930 appellatione
937 1877 1117 1916 tribuum
1148 1874 1348 1929 persaepe
1378 1875 1571 1914 ultimum

194 1945 385 1984 ordinem
413 1949 565 1985 notari,
625 1947 775 1985 Statius
809 1946 916 2000 Sylv.
948 1945 1017 1985 lib.
1048 1950 1088 1997 4,
1126 1958 1160 1989 1,
1195 1952 1259 1990 25.

249 2024 447 2062 Moribus
477 2034 611 2075 acque
641 2025 726 2062 mis
755 2023 953 2076 gaudent
983 2033 1239 2078 turmaeque
1269 2019 1490 2074 tribusque

252 2081 558 2136 Purpureiqne
586 2091 753 2133 patres·
1407 2078 1412 2083 ”

194 2159 298 2200 'Vult
339 2160 497 2207 dicere,
548 2159 708 2199 senatus
737 2159 1009 2212 populusque
1047 2159 1171 2197 Rom.
1204 2167 1245 2197 et
1278 2153 1466 2208 equester
1503 2168 1570 2194 or-

197 2227 276 2266 do:
320 2227 527 2281 populum
562 2228 746 2280 appellat
775 2227 924 2266 tribus.
995 2227 1060 2265 Sic
1098 2226 1243 2264 Florus
1282 2223 1352 2263 lib.
1392 2237 1426 2262 2.
1468 2224 1505 2262 e.v
1531 2224 1570 2262 6.

197 2295 362 2348 aliique.
431 2296 512 2335 Alii
550 2296 717 2348 plebem
757 2309 778 2333 a
811 2294 976 2346 populo
1020 2292 1229 2345 separant,
1283 2301 1324 2329 et
1352 2290 1462 2328 illam
1503 2293 1572 2329 tri-

195 2361 326 2402 buum
376 2364 660 2416 appellatione
724 2372 885 2401 notant.
986 2359 1121 2399 Exstat
1169 2370 1282 2398 vetus
1340 2357 1572 2410 inscriptio,

162 2439 166 2443 ”
198 2432 308 2482 quae
339 2428 420 2469 hoc
450 2429 664 2470 manifesto
694 2431 841 2477 docet;
880 2431 936 2469 ita
968 2439 1105 2468 autem
1127 2427 1272 2467 habet:
1304 2426 1432 2480 [apud
1465 2426 1572 2465 Gru-

195 2501 274 2538 ter.
311 2499 539 2546 CCXLIV,
571 2502 636 2551 4)
