1678 2964
209 102 287 149 184
552 73 866 140 eAsAm‘mNI
905 100 1209 140 COMMENT.

205 222 299 274 lege
329 221 651 272 repetundannn
678 225 1012 277 interrogaretur.
1074 224 1243 280 Certum
1272 224 1400 269 enim,
1431 222 1569 262 deces-

207 289 306 328 soris
332 287 507 327 caussam
532 304 555 327 a
579 289 751 329 Caesare
778 291 1000 342 plurimum
1029 291 1091 328 vel
1110 294 1240 343 premi
1268 291 1331 328 vel
1359 290 1566 337 sublevari,

207 368 337 410 prout
371 360 407 395 ei
437 358 546 396 soret
583 362 760 406 animus,
795 358 983 411 potuisse.
1043 361 1176 399 Porro
1210 359 1443 412 Hispaniam
1466 360 1572 398 ulte-

207 428 361 464 riorem
386 439 433 463 ex
467 437 661 476 practura
685 427 847 466 sortitus
881 427 936 466 est
961 427 1128 467 Caesar:
1171 442 1299 481 quum
1329 427 1439 465 illam
1471 442 1571 479 pro·

209 493 375 533 consule
394 493 573 542 rexiss'et,
601 498 664 534 cui
686 495 941 536 succedebat.
984 498 1133 550 Neque
1156 501 1262 535 enim
1285 497 1454 535 eaedem
1478 510 1572 548 per-

205 571 337 614 petuo
363 574 433 602 aut
459 567 696 616 praetoriae
719 568 955 617 provinciae
989 567 1175 612 suerunt,
1216 577 1286 604 aut
1305 565 1573 618 proconsula-

209 644 296 669 res:
343 635 453 671 cuius
486 636 546 671 rei
577 634 763 686 exempla
807 638 850 673 in
884 632 1049 673 historia
1080 635 1270 673 Romana
1307 648 1394 673 non
1425 648 1571 685 pauca.

209 699 277 738 Est
300 703 443 749 etjam,
476 701 645 755 quando
670 712 860 741 auctores
888 717 1003 749 eum,
1037 706 1107 755 qui
1126 718 1173 741 ex
1193 713 1385 755 praetura
1406 706 1573 754 provin-

212 771 317 806 ciam
347 770 471 809 fuerit
507 780 649 813 nactus
686 770 963 817 consularem,
1003 770 1143 809 rexiffe
1173 772 1283 810 illam
1311 770 1572 823 proconsule,

211 837 277 876 vel
314 839 655 891 proconsulatum
697 839 983 879 administrasse
1026 841 1174 879 dicant.
1251 840 1494 892 Exemplum
1534 842 1577 878 in

210 917 413 960 promptu
442 908 494 946 de
527 909 577 960 Q.
606 909 808 947 Cicerone
837 909 949 960 apud
975 908 1084 948 hunc
1110 907 1291 947 nostrum
1312 908 1382 947 lib.
1409 923 1442 947 z.
1481 924 1513 948 c.
1534 919 1574 957 3.

210 976 259 1016 Id
282 974 311 1014 fi
334 974 409 1014 isto
441 976 537 1014 loco
569 976 841 1025 admittimus,
873 978 1007 1031 legam
1034 977 1203 1025 lubens,
1235 992 1326 1016 cum
1344 976 1576 1016 Turonenfi

210 1055 253 1082 et
285 1043 491 1082 nonnullis
520 1043 626 1083 aliis:
669 1047 720 1084 In
749 1047 970 1098 Jifioania
996 1046 1280 1099 procotgshle,
1317 1056 1360 1083 ec
1390 1060 1419 1083 a
1438 1046 1577 1095 sociis

205 1114 441 1166 pecuniam
476 1115 660 1166 accepit.
718 1115 856 1168 Atque
886 1116 996 1154 idem
1028 1115 1093 1154 hic
1127 1114 1364 1169 significabit
1390 1129 1577 1168 procon-

195 1182 322 1234 sule,
353 1181 471 1234 quod
489 1182 596 1221 libro
617 1183 821 1232 secundo,
851 1182 1160 1234 administrare
1183 1184 1547 1238 proconsulatum.

328 1251 557 1304 Ternisque
589 1253 778 1292 millibus
808 1257 1024 1292 nummzim
1050 1257 1096 1292 in
1118 1254 1253 1293 libras
1270 1250 1572 1306 promercale]

206 1320 305 1360 Hoc
341 1317 419 1364 est,
459 1330 506 1358 ut
535 1323 577 1360 in
603 1319 775 1376 lingulas
807 1326 896 1362 auri
927 1322 1050 1361 libras
1081 1322 1236 1374 septem
1262 1324 1420 1376 argenti
1446 1333 1485 1360 et
1517 1320 1576 1359 se-

206 1389 312 1430 libra
330 1388 593 1441 penderetur.
650 1391 712 1429 Ita
742 1390 989 1430 doctissimus
1019 1391 1233 1438 Budaeus,
1266 1404 1391 1442 quem
1422 1392 1464 1428 in
1494 1388 1577 1428 hoc

209 1469 455 1513 argumento
476 1472 650 1513 regnare
667 1474 804 1512 paene
822 1459 974 1506 solum,
1008 1458 1264 1498 consentiunt
1286 1472 1440 1498 omnes.
1492 1459 1574 1496 Pro

210 1530 346 1567 ternis
386 1530 522 1566 inveni
550 1531 593 1566 in
619 1530 827 1568 nonnullis
859 1531 1095 1582 quaternis.

266 1626 288 1649 ‘.
329 1597 432 1634 Tria
455 1596 598 1634 millia
613 1597 763 1650 pondo
786 1600 886 1636 auri
899 1600 1081 1651 furatus
1102 1612 1124 1635 e
1153 1593 1399 1649 Capitolio]
1445 1595 1582 1654 Huius*

209 1665 307 1705 furti
341 1679 466 1704 nemo
498 1678 705 1715 veterum,
744 1667 815 1706 nisi
840 1668 984 1715 fallor,
1023 1669 1220 1705 meminit.
1279 1666 1452 1710 Plinius,
1490 1676 1577 1715 quo

208 1748 286 1774 nos
308 1737 495 1773 reiiciunt
522 1739 765 1788 interpretes
780 1766 791 1783 ,
823 1735 921 1774 nihil
944 1736 1062 1789 quod
1080 1734 1160 1772 huc
1179 1737 1404 1786 pertineat,
1435 1732 1576 1778 refert,

208 1818 347 1856 neque
386 1803 452 1841 lib.
491 1818 549 1855 19.
591 1819 679 1857 cap.
709 1815 747 1853 5.
782 1819 860 1843 nec
888 1804 955 1843 lib.
989 1813 1055 1852 33.
1096 1818 1185 1855 cap.
1216 1813 1253 1851 5.
1299 1805 1433 1853 capite
1475 1813 1577 1839 vero

208 1879 346 1927 prixuo
389 1873 593 1921 cundwin,
645 1873 769 1913 limile
810 1875 964 1912 furtum
1002 1860 1192 1911 narratur
1225 1872 1286 1909 M.
1316 1869 1463 1917 Crassi,
1507 1872 1579 1928 qui

209 1942 282 1982 suo
311 1953 350 1981 et
377 1944 448 1981 Cn.
468 1943 662 1995 Pompeii
689 1946 810 1982 tertio
845 1942 1058 1981 consulatu
1086 1941 1170 1998 clu-o
1201 1939 1327 1978 millia
1355 1953 1378 1977 e
1408 1940 1580 1990 Capito-

207 2009 282 2051 lini
312 2012 419 2050 Iovis
451 2009 554 2050 solio
584 2015 793 2064 rapuerit,
834 2025 857 2050 a
879 2010 1054 2050 Camillo
1084 2009 1141 2048 ibi
1166 2008 1347 2048 condita.
1406 2007 1579 2046 Solebat

210 2090 350 2120 autem
372 2083 637 2119 coronarium
659 2095 803 2120 aurum
833 2091 963 2134 atque·
981 2082 1130 2126 etiam,
1159 2088 1205 2116 ut
1224 2077 1407 2122 videtur,
1440 2078 1580 2113 trium-

203 2148 333 2202 phale
348 2177 358 2195 ‚
391 2159 461 2187 aut
481 2163 576 2201 pars
593 2149 725 2197 illius,
748 2152 791 2188 in
817 2147 1042 2201 Capitolini
1065 2147 1172 2185 Iovis
1198 2145 1343 2183 cellam
1366 2143 1522 2182 referri.

328 2216 596 2255 Tantundem
630 2219 830 2256 inaurati
860 2220 978 2256 aeris
1004 2213 1218 2270 reposit-ic]
1277 2213 1423 2252 Similis
1449 2210 1579 2251 Vitel-

208 2284 251 2324 lii
280 2285 389 2324 [raus
419 2285 487 2323 lib.
514 2299 549 2336 7.
586 2297 948 2325 commemoratur.

326 2355 427 2406 Cap.
444 2363 510 2402 55.
547 2354 813 2408 Eloquentia
835 2355 1107 2406 militarique
1128 2365 1176 2391 re
1195 2374 1253 2381 —
1284 2360 1362 2388 auc
1380 2347 1576 2403 excffc]

210 2423 298 2461 Iam
318 2434 412 2461 ante
433 2428 668 2463 monuimus
688 2424 742 2463 ad
765 2423 887 2462 finem
909 2437 996 2472 cap.
1021 2427 1084 2472 24.
1114 2422 1371 2466 Suetonium,
1395 2433 1502 2471 quae
1521 2418 1579 2457 ibi

211 2490 453 2543 proposuit,
517 2492 669 2531 eodem
719 2492 912 2544 deinceps
961 2491 1109 2530 ordine
1155 2488 1356 2544 ligillatim
1402 2487 1577 2539 exsequi.

209 2560 332 2597 Nunc
370 2562 495 2613 igitur
526 2565 668 2601 transit
691 2561 759 2600 ‘ad
796 2561 902 2600 illius
941 2559 1090 2598 civilia
1131 2569 1171 2596 et
1208 2557 1365 2595 bellica
1399 2553 1576 2606 studia,

210 2638 257 2668 ut
291 2629 348 2668 ibi
387 2627 444 2668 est
475 2629 654 2670 locutus.
730 2631 872 2683 Quare
912 2629 1091 2669 dubitari
1132 2641 1219 2667 non
1249 2623 1387 2681 potest
1433 2622 1580 2677 (quod
