1678 2964
238 147 297 195 35
597 142 912 184 cAsAUBONI
949 135 1251 189 COMMENT.

244 270 418 315 indicat;
452 266 578 306 altera
607 280 714 318 quae
740 270 957 320 proprium
989 273 1184 324 cuiusque
1207 274 1334 324 partis
1362 271 1606 316 subiectum:

244 330 372 392 puta,
412 339 467 374 D.
501 336 634 373 Julius
671 335 857 382 (Jaffizm
903 337 988 385 vel,
1021 350 1066 377 ut
1096 343 1137 378 in
1169 341 1252 379 aliis
1286 340 1489 391 scribitur,
1536 346 1609 383 De

247 407 360 446 Iulio
394 403 590 454 Caesare.
670 400 809 453 Quum
839 406 962 458 igitur
996 405 1098 445 haec
1127 408 1249 447 verba
1278 409 1421 448 leviter
1455 421 1614 452 mutata

243 476 360 512 initio
389 470 506 509 huius
538 469 629 507 libri
659 468 717 508 bis
745 474 848 522 poni
878 473 1129 522 debuissent,
1160 478 1312 515 incuria
1347 478 1610 520 librariorum

242 543 421 587 factum,
453 550 498 578 ut
528 537 650 578 semel
681 548 837 578 tantum
868 540 1148 581 scriberentur.
1204 543 1263 581 Ex
1295 559 1346 584 eo
1377 546 1495 584 sonte
1523 561 1609 586 ma-

242 612 354 650 navit
383 606 534 646 diverse
566 610 821 657 peccantium
858 622 995 648 error:
1037 610 1282 663 quibusdam
1317 613 1488 652 alterum
1519 626 1608 654 tan-

244 688 332 716 tum
358 676 534 715 indicem
566 675 951 726 praescribentibus:
991 677 1199 731 plerisque
1235 680 1286 718 de
1314 680 1413 719 serie
1442 672 1621 720 contex?

243 755 308 784 tus
338 746 482 783 eadem
512 743 634 782 verba
667 744 955 782 auferentibus.
1027 745 1104 783 Illo
1133 747 1264 786 modo
1299 760 1512 799 peccatum
1549 748 1619 789 est·

243 815 287 852 in
310 813 493 851 editione
516 815 643 851 veteri
668 812 927 866 Lugdunensi
951 827 982 850 a.
1010 813 1211 852 MDVHI.
1270 814 1394 853 Deest
1418 819 1525 854 enim
1551 817 1609 856 ibi
1643 829 1646 837 ⁴

243 879 452 934 posterior
477 896 570 933 pars
602 879 891 932 inscriptionis:
938 892 1148 919 contextus
1182 891 1319 919 autem
1356 881 1408 921 fic
1443 887 1605 937 incipit:

243 951 376 989 Divus
404 951 537 989 Iulius
566 949 725 1000 Causas·
753 962 911 984 amttam
934 962 1063 999 agens
1083 949 1204 987 XVI.
1235 963 1281 1001 p.
1309 964 1350 987 a.
1384 953 1604 1003 quomodo

243 1011 392 1057 etiam*
418 1021 460 1057 in
502 1018 585 1057 aliis
633 1019 880 1062 invenimus,
940 1030 1043 1054 voce
1085 1016 1204 1055 clivus
1251 1029 1408 1057 tantum
1451 1017 1604 1059 omiss'a.

241 1085 437 1138 Plerique
475 1098 616 1124 ornnes
655 1094 793 1122 tamen
828 1084 918 1122 libri
961 1083 1090 1123 altero
1122 1089 1261 1137 potius
1293 1088 1425 1125 modo
1461 1077 1620 1139 pecca-⁵

242 1163 350 1191 runt.
404 1155 512 1191 Nam
541 1155 661 1191 etiam
693 1154 734 1189 in
767 1151 838 1190 illo
875 1155 1036 1203 optimo
1061 1154 1204 1191 codice
1234 1154 1510 1203 Memmiflno,
1550 1166 1608 1195 ta-

241 1212 284 1258 le
313 1223 482 1258 omnino
513 1223 758 1272 principium
790 1222 1037 1267 invenimus,
1078 1221 1200 1273 quale
1235 1219 1290 1259 est
1320 1225 1360 1260 in
1389 1223 1605 1263 Vaticano.

239 1288 297 1329 'At
326 1287 419 1326 libri
458 1288 595 1326 titulus
634 1290 675 1326 in
703 1301 754 1325 eo
787 1288 931 1325 codice
964 1288 1097 1327 nullus
1127 1287 1202 1327 isto
1232 1289 1328 1327 loco
1359 1288 1413 1327 est
1443 1290 1606 1343 apposi-

241 1365 321 1395 tus.
375 1357 543 1394 Praeter
580 1353 697 1394 istum
734 1355 908 1394 barbara
955 1365 995 1392 et
1034 1360 1264 1395 recentiore
1303 1371 1426 1395 manu
1467 1359 1601 1398 alieno

241 1422 341 1463 loco
382 1422 598 1476 scriptum:
646 1425 809 1476 Incipit
846 1425 1070 1462 Suetonius
1108 1423 1163 1461 cle
1205 1427 1301 1462 vica
1343 1426 1604 1475 Cassarum:

242 1504 355 1530 nzmc
387 1489 507 1542 gesta
542 1492 750 1542 Caesaris.
815 1490 874 1530 Ita
906 1492 1025 1545 igitur
1059 1491 1201 1530 exstitit
1236 1492 1338 1529 liber
1368 1490 1603 1543 οἰκέφοελος;

242 1562 309 1598 cui
335 1562 456 1612 primi
485 1574 562 1599 nos
595 1574 642 1599 ex
672 1563 832 1612 optimo
864 1558 935 1596 illo
974 1560 1117 1599 codice
1142 1572 1265 1613 caput
1293 1560 1404 1598 suum
1433 1558 1605 1598 restitui-

239 1641 343 1666 mus.
400 1627 476 1673 At,
507 1630 689 1680 inquies,
722 1627 847 1666 altum
878 1626 982 1666 istud
1008 1628 1059 1665 de
1086 1629 1177 1667 Iulii
1206 1630 1364 1682 origine
1386 1624 1602 1676 mentium,

239 1707 382 1734 nonne
412 1694 502 1733 satis
535 1705 692 1733 certum
722 1695 859 1734 damni
882 1700 1040 1749 accepti
1067 1706 1351 1751 argumentum
1382 1693 1462 1733 est?
1502 1697 1604 1737 Non

239 1760 321 1809 est,
361 1777 428 1800 me
455 1762 609 1801 iudice:
647 1764 691 1803 id
722 1765 829 1802 enim
861 1775 1087 1816 propterea
1115 1764 1202 1804 fieri
1232 1760 1410 1816 potuisse
1442 1763 1603 1812 censeo,

239 1829 463 1882 quodiam
494 1842 588 1870 ante
617 1834 658 1869 in
687 1831 835 1882 scripto
871 1845 945 1879 eo,
982 1846 1067 1884 quo
1094 1831 1306 1870 stemmata
1328 1831 1487 1884 aliquot
1512 1833 1604 1872 illu-

237 1894 375 1935 strium
398 1899 578 1950 gentium
601 1900 884 1938 Romanarum
915 1898 1198 1951 descripserat,
1231 1897 1385 1940 affatim
1406 1900 1457 1938 de
1478 1911 1603 1955 gente

235 1962 341 2002 Iulia
368 1963 598 2018 scripsisset,
630 1980 810 2020 eumque
838 1967 978 2006 locum
1003 1965 1231 2006 dedolasset
1261 1980 1307 2006 ac
1337 1967 1602 2020 perpolisset:

236 2042 284 2070 ut
323 2032 454 2072 caussa
492 2048 579 2073 non
619 2034 763 2082 suerit,
818 2049 890 2073 cur
921 2034 986 2073 hic
1018 2038 1167 2074 iterum
1202 2035 1348 2074 eadem
1381 2045 1601 2087 repeteret.

236 2099 332 2139 Eius
361 2100 454 2140 libri
486 2101 625 2141 saltem
651 2103 773 2143 index
801 2100 978 2154 superest
1014 2101 1141 2142 hodie
1178 2102 1299 2142 nobis
1336 2106 1378 2141 in
1408 2103 1600 2142 collecta·-

234 2171 323 2207 neIs
347 2169 520 2218 Suidae,
553 2174 664 2210 cuius
690 2185 768 2210 nos
794 2169 919 2209 verba
951 2169 1022 2208 suo
1054 2170 1151 2210 loco
1182 2170 1465 2209 recensuimus.
1505 2171 1599 2210 Dici

235 2245 279 2274 et
310 2236 412 2274 illud
448 2252 536 2277 non
574 2240 714 2291 inepte
741 2235 897 2292 potest:
944 2236 1159 2275 Caesarem
1187 2242 1229 2278 in
1263 2238 1492 2278 dedicanda
1518 2240 1602 2277 Ve-

233 2306 340 2343 neris
376 2306 590 2346 Genitricis
626 2308 753 2352 aede,
789 2302 957 2344 stemma
990 2303 1100 2343 suum
1128 2309 1171 2345 in
1195 2317 1314 2359 parte
1345 2306 1482 2359 aliqua
1513 2305 1600 2347 eius

235 2371 368 2418 aedis,
407 2370 507 2411 ficut
537 2374 586 2411 ab
626 2374 710 2415 aliis
741 2371 830 2411 fieri
857 2371 1019 2411 solitum
1046 2376 1088 2412 in
1118 2375 1225 2413 atriis
1261 2374 1484 2413 domorum
1511 2373 1600 2413 sua-

234 2452 348 2485 rum,
385 2440 629 2492 publicasse:
678 2453 725 2482 ut
761 2442 813 2480 de
848 2443 1007 2496 origine
1041 2442 1125 2480 eius
1159 2443 1287 2494 gentis
1323 2444 1475 2481 nemini
1517 2440 1599 2481 esse

234 2504 371 2557 posset
402 2509 465 2547 vel
499 2513 690 2565 ignotum
717 2509 783 2548 vel
813 2508 997 2547 dubium.
1057 2508 1198 2561 Quare
1235 2511 1356 2547 etiam
1389 2507 1598 2548 accuratis-

234 2572 353 2614 fimus
388 2575 565 2629 scriptor
597 2575 835 2618 Plutarchus
870 2579 994 2614 vitam
1029 2575 1133 2614 illius
1172 2576 1466 2630 descripturus,
1509 2589 1598 2616 non

235 2641 400 2683 aliunde
439 2647 601 2687 initium
637 2644 772 2694 duxit,
823 2657 949 2700 quam
989 2643 1102 2685 unde
1143 2655 1183 2686 et
1222 2646 1463 2687 Suetonius:
1509 2637 1600 2697 Τῆν
