1678 2964
0 2337 17 2419 ,43

435 137 497 176 IN
523 136 848 177 AUGUSTUM.
909 136 1025 176 CAP.
1061 149 1120 188 17.
1376 138 1455 186 265

94 264 313 322 virginibus
346 258 600 306 Vestalibus,
654 261 858 299 Antonius
893 259 977 300 hoc
1024 260 1309 301 testamentum
1344 277 1455 301 com-

92 335 276 374 miserat:
321 343 460 382 neque
507 330 600 368 illae
636 329 730 368 fane
759 330 1059 382 prodiderunt:
1110 331 1181 370 sed
1216 335 1365 370 maiori
1400 334 1456 379 vi,

95 406 191 456 quia
234 401 354 439 reniti
389 412 477 437 non
512 408 732 450 poterant,
776 400 926 436 invitae
964 397 1177 439 cesserunt.
1261 401 1360 438 Non
1386 414 1454 437 me

93 472 211 524 fugit,
246 467 347 521 quid
377 481 456 519 pro
488 464 672 520 Augusto
710 466 789 504 dici
825 477 971 518 queat:
1013 466 1083 506 fed
1120 471 1252 507 verius
1283 467 1365 507 hoc
1393 472 1453 506 ni-

91 538 149 577 hil
178 540 395 591 quisquam
426 535 590 574 dixerit:
632 532 802 574 voluisse
837 535 952 573 illum
981 539 1025 574 in
1057 537 1200 575 odium
1231 547 1274 574 et
1310 535 1452 574 invidi-

93 621 158 646 am
185 607 412 644 Antonium
446 603 663 643 adducere.
717 604 846 643 Erant
886 615 1024 643 autem
1065 609 1198 658 capita
1226 603 1452 644 testamenti

91 676 281 721 Antonii,
327 685 435 726 quae
473 675 650 710 maxime
690 675 908 726 exagitavit
955 674 1172 720 Octavius,
1222 673 1325 728 haec
1362 676 1449 711 tria.

91 744 294 789 Primum,
339 741 458 793 quod
491 739 727 780 Caesarioni
761 741 954 780 redderet
996 740 1294 790 testimonium,
1336 740 1449 793 quali

91 809 391 850 filio-Caesaris
435 809 612 847 naturali
656 820 696 847 et
736 809 946 863 legitimo:
1004 824 1131 862 quum
1167 814 1197 848 is
1236 812 1452 847 matrimo-

88 883 161 920 nio
200 890 313 918 ortus
345 892 433 917 non
466 878 678 932 legitimo,
721 881 811 916 iure
840 881 934 917 civis
968 877 1046 918 esse
1077 894 1165 918 non
1191 877 1351 931 posset,
1381 878 1452 916 scd

60 950 329 1003 vperegrinus
360 957 537 985 tantum:
586 947 765 998 proinde
802 961 952 999 capere
986 947 1214 1000 quidquam
1248 946 1300 984 de
1327 945 1448 983 bonis

92 1019 184 1056 clvis
234 1016 414 1054 Romani
457 1029 546 1053 non
587 1026 766 1066 poterat.
843 1015 1053 1063 Alterum,
1109 1015 1226 1069 quod
1264 1014 1448 1066 reliquos

90 1085 340 1137 Cleopatrae
377 1083 530 1122 liberos
569 1082 729 1122 summis
772 1082 964 1123 affeciffet
1006 1085 1150 1139 elogiis
1200 1095 1241 1123 et
1279 1082 1455 1138 honori-⁶

87 1153 189 1201 bus,
218 1155 350 1204 iisque
376 1151 551 1203 plurima
591 1163 736 1190 contra
767 1153 880 1207 leges
912 1152 1149 1206 reliquiffet.
1219 1150 1448 1198 Postremo,

90 1220 208 1274 quod
241 1217 402 1258 iussissct
436 1233 586 1271 corpus
617 1219 755 1268 suum,
801 1221 1039 1274 ubicunque
1069 1223 1179 1260 mori
1213 1217 1288 1273 ipsi
1320 1222 1450 1258 conti-

90 1287 228 1343 gIffet,
251 1288 539 1326 Alexandriam
568 1289 741 1337 deferri,
775 1301 814 1329 et
846 1304 939 1329 cum
971 1290 1221 1343 Cleopatra,
1262 1287 1451 1341 quando·

89 1371 173 1411 que
217 1356 306 1395 sato
340 1357 502 1406 functa,
531 1357 705 1410 sepeliri.
1363 1362 1366 1363 ⁷

200 1422 328 1478 Quod
356 1426 392 1462 is
420 1425 587 1472 Romae
615 1425 786 1479 eciam]
845 1425 1152 1466 Testamentum
1180 1425 1352 1463 Antonii
1389 1421 1454 1461 fac

91 1502 201 1531 ctum
243 1490 299 1529 est
338 1492 632 1541 Alexandriae,
682 1492 750 1531 sed
800 1493 985 1545 pluribus
1033 1491 1247 1544 exemplis:
1302 1504 1449 1528 eorum

90 1565 219 1599 unum
256 1558 315 1597 ibi
352 1558 623 1608 custoditum,
689 1560 863 1598 alterum
893 1562 1073 1600 Romam
1111 1557 1283 1598 missurn.
1340 1558 1451 1596 Vide

87 1628 284 1667 Dionem.
340 1629 440 1666 Non
471 1630 595 1682 igitur
620 1627 708 1666 satis
742 1640 839 1681 apte
866 1640 937 1668 aut
968 1643 1069 1667 vere
1096 1626 1236 1668 noster
1265 1627 1451 1681 relique·-
1486 1621 1492 1625 “

89 1705 190 1734 rae:
222 1708 318 1733 nam
352 1695 522 1734 dubium
549 1709 638 1734 non
670 1694 748 1744 est,
783 1700 882 1750 quin
907 1694 1002 1749 post
1040 1709 1089 1735 ea
1127 1706 1319 1748 tempora
1359 1694 1452 1733 scri-

86 1762 213 1816 pserit
243 1764 446 1803 Antonius
473 1762 517 1800 id
548 1761 856 1812 testamentum,
890 1764 1040 1818 quibus
1074 1762 1286 1803 noviffime
1316 1766 1360 1803 in
1382 1777 1453 1802 ur«

88 1830 142 1870 be
170 1832 259 1869 fuit.

199 1899 269 1935 De
302 1896 566 1949 Cleopatrae
594 1896 742 1935 liberis
790 1899 905 1936 incer
942 1897 1123 1937 heredes
1158 1897 1448 1952 nuncupatis]

87 1965 249 2017 Scripta
280 1964 428 2012 lectio,
458 1974 501 2003 et
537 1963 594 2002 de
629 1966 689 2004 Cl.
731 1966 803 2005 lib.
840 1965 894 2006 fic
934 1970 1082 2019 optimi
1129 1971 1285 2021 quique
1325 1959 1450 2006 coddss

87 2034 154 2074 An
199 2047 342 2073 verum
376 2032 459 2081 est„
505 2033 624 2087 quod
662 2037 698 2072 is
728 2036 894 2073 Romae
937 2038 1074 2073 eciam
1108 2036 1163 2074 de
1197 2036 1451 2088 Cleopatra,

87 2111 132 2140 ec
163 2100 220 2139 de
257 2101 401 2154 Cleop.
435 2102 550 2141 liba
577 2104 728 2156 Neque
761 2107 870 2144 enim
902 2104 955 2143 de
975 2104 1112 2144 liberis
1140 2115 1299 2144 tantum
1327 2103 1450 2142 Cleo-

86 2180 233 2223 patrae
271 2173 314 2208 in
347 2169 577 2210 testamenti
619 2171 677 2230 sui
714 2172 861 2211 tabulis
911 2183 1053 2226 egerat
1100 2174 1327 2216 Antonius3
1381 2170 1451 2209 sed

87 2238 222 2278 multo
268 2241 392 2278 etiarn
421 2238 607 2291 pluribus
642 2240 694 2278 de
735 2240 821 2294 ipsa
853 2240 1096 2292 Cleopatra:
1145 2251 1191 2279 ut
1228 2253 1355 2293 quum
1390 2238 1452 2277 illi

89 2306 384 2347 bibliothecam
410 2322 557 2363 regum
579 2308 792 2364 Pergami,
819 2310 931 2349 velut
955 2309 1081 2364 legati
1107 2312 1220 2356 iure,
1247 2306 1452 2353 donabat;

89 2385 131 2414 et
162 2389 290 2427 quum
320 2390 470 2428 corpus
501 2375 644 2424 fuum,
683 2378 922 2432 ubicunque
956 2377 1032 2431 ipfi
1073 2375 1453 2432 contigissetvmori,

87 2443 379 2482 Alexandriam
417 2445 642 2484 mandabat
673 2448 845 2496 deferri,
897 2457 944 2485 ut
981 2447 1134 2486 eodem
1168 2443 1328 2493 tumulo
1358 2457 1451 2481 cum

91 2509 320 2561 Cleopatra
367 2513 629 2554 conderetur.
709 2516 824 2570 Lege
856 2502 1138 2556 Plutarchnm
1184 2524 1225 2555 et
1267 2513 1452 2554 Dionem

90 2576 160 2616 lib.
193 2587 260 2627 50.
323 2577 326 2579 ’
