<?xml version="1.0" encoding="UTF-8"?>
<!DOCTYPE html PUBLIC "-//W3C//DTD XHTML 1.0 Transitional//EN"
    "http://www.w3.org/TR/xhtml1/DTD/xhtml1-transitional.dtd">
<html xmlns="http://www.w3.org/1999/xhtml" xml:lang="en" lang="en">
 <head>
  <title>
</title>
<meta http-equiv="Content-Type" content="text/html;charset=utf-8" />
  <meta name='ocr-system' content='tesseract 3.04.00' />
  <meta name='ocr-capabilities' content='ocr_page ocr_carea ocr_par ocr_line ocrx_word'/>
</head>
<body>
  <div class='ocr_page' id='page_1' title='image "./operatextuadcodd03suetuoft_0093.png"; bbox 0 0 1678 2964; ppageno 0'>
   <div class='ocr_carea' id='block_1_1' title="bbox 381 124 1459 178">
    <p class='ocr_par' dir='ltr' id='par_1_1' title="bbox 381 124 1459 178">
     <span class='ocr_line' id='line_1_1' title="bbox 381 124 1459 178; baseline 0.009 -15"><span class='ocrx_word' id='word_1_1' title='bbox 381 124 442 164; x_wconf 89' lang='lat' dir='ltr'>IN</span> <span class='ocrx_word' id='word_1_2' title='bbox 478 124 581 165; x_wconf 90' lang='lat' dir='ltr'>IUL.</span> <span class='ocrx_word' id='word_1_3' title='bbox 622 125 928 166; x_wconf 81' lang='lat' dir='ltr'><strong>CAESAREM.</strong></span> <span class='ocrx_word' id='word_1_4' title='bbox 989 126 1104 166; x_wconf 83' lang='lat' dir='ltr'><strong>CAP.</strong></span> <span class='ocrx_word' id='word_1_5' title='bbox 1141 139 1176 165; x_wconf 83' lang='lat'>1.</span> <span class='ocrx_word' id='word_1_6' title='bbox 1406 133 1459 178; x_wconf 68' lang='grc'>8,*</span> 
     </span>
    </p>
   </div>
   <div class='ocr_carea' id='block_1_2' title="bbox 49 243 1509 2679">
    <p class='ocr_par' dir='ltr' id='par_1_2' title="bbox 49 243 1509 1381">
     <span class='ocr_line' id='line_1_2' title="bbox 49 243 1461 306; baseline -0.004 -12"><span class='ocrx_word' id='word_1_7' title='bbox 49 284 51 286; x_wconf 93' lang='grc'>-</span> <span class='ocrx_word' id='word_1_8' title='bbox 95 251 250 297; x_wconf 68' lang='grc' dir='ltr'>Κίνναι,</span> <span class='ocrx_word' id='word_1_9' title='bbox 294 249 429 299; x_wconf 87' lang='lat' dir='ltr'>inquit</span> <span class='ocrx_word' id='word_1_10' title='bbox 458 247 550 296; x_wconf 85' lang='lat' dir='ltr'>ille,</span> <span class='ocrx_word' id='word_1_11' title='bbox 595 249 669 289; x_wconf 73' lang='grc' dir='ltr'>τοῦ</span> <span class='ocrx_word' id='word_1_12' title='bbox 697 243 1036 305; x_wconf 70' lang='grc' dir='ltr'><em>μοναρχήσαντος</em></span> <span class='ocrx_word' id='word_1_13' title='bbox 1065 246 1282 303; x_wconf 69' lang='grc' dir='ltr'>θυγατέρα</span> <span class='ocrx_word' id='word_1_14' title='bbox 1312 250 1461 306; x_wconf 66' lang='grc' dir='ltr'><em>Κορυη.</em></span> 
     </span>
     <span class='ocr_line' id='line_1_3' title="bbox 93 308 1459 372; baseline 0.002 -15"><span class='ocrx_word' id='word_1_15' title='bbox 93 319 211 364; x_wconf 74' lang='grc' dir='ltr'><em>λίαν,</em></span> <span class='ocrx_word' id='word_1_16' title='bbox 263 314 315 361; x_wconf 69' lang='grc' dir='ltr'>οἷς</span> <span class='ocrx_word' id='word_1_17' title='bbox 352 308 609 370; x_wconf 60' lang='grc' dir='ltr'><em>ἐπεκράτησε</em></span> <span class='ocrx_word' id='word_1_18' title='bbox 644 310 833 364; x_wconf 70' lang='grc' dir='ltr'><em>Σύλλας,</em></span> <span class='ocrx_word' id='word_1_19' title='bbox 884 312 978 357; x_wconf 70' lang='grc' dir='ltr'>οὔτε</span> <span class='ocrx_word' id='word_1_20' title='bbox 1017 316 1184 358; x_wconf 73' lang='grc' dir='ltr'><em>ἐλπίσιν</em></span> <span class='ocrx_word' id='word_1_21' title='bbox 1213 312 1307 358; x_wconf 67' lang='grc' dir='ltr'><em>οὔτε</em></span> <span class='ocrx_word' id='word_1_22' title='bbox 1337 313 1459 372; x_wconf 66' lang='grc' dir='ltr'>φόβῳ</span> 
     </span>
     <span class='ocr_line' id='line_1_4' title="bbox 92 377 1458 441; baseline -0.001 -12"><span class='ocrx_word' id='word_1_23' title='bbox 92 386 285 441; x_wconf 65' lang='grc' dir='ltr'>δυνηθεὶς</span> <span class='ocrx_word' id='word_1_24' title='bbox 323 377 564 424; x_wconf 71' lang='grc' dir='ltr'><em>οἷποσποῖσαι</em></span> <span class='ocrx_word' id='word_1_25' title='bbox 601 382 829 438; x_wconf 80' lang='grc' dir='ltr'><em>Καίσαρος,</em></span> <span class='ocrx_word' id='word_1_26' title='bbox 877 377 1077 438; x_wconf 72' lang='grc' dir='ltr'>ἐδήμευσε</span> <span class='ocrx_word' id='word_1_27' title='bbox 1117 380 1274 441; x_wconf 70' lang='grc' dir='ltr'><em>φερνήν</em></span> <span class='ocrx_word' id='word_1_28' title='bbox 1318 384 1458 440; x_wconf 64' lang='grc' dir='ltr'>αὐτῆς.</span> 
     </span>
     <span class='ocr_line' id='line_1_5' title="bbox 90 451 1456 506; baseline 0 -13"><span class='ocrx_word' id='word_1_29' title='bbox 90 456 268 501; x_wconf 86' lang='lat' dir='ltr'><strong>Mirum,</strong></span> <span class='ocrx_word' id='word_1_30' title='bbox 300 454 371 505; x_wconf 86' lang='lat' dir='ltr'>qui</span> <span class='ocrx_word' id='word_1_31' title='bbox 404 451 592 490; x_wconf 86' lang='lat' dir='ltr'>Suetonii</span> <span class='ocrx_word' id='word_1_32' title='bbox 619 452 747 490; x_wconf 86' lang='lat' dir='ltr'>libros</span> <span class='ocrx_word' id='word_1_33' title='bbox 774 451 941 490; x_wconf 86' lang='lat' dir='ltr'>mutilos</span> <span class='ocrx_word' id='word_1_34' title='bbox 966 451 1045 491; x_wconf 83' lang='lat' dir='ltr'>esse</span> <span class='ocrx_word' id='word_1_35' title='bbox 1066 464 1182 492; x_wconf 87' lang='lat' dir='ltr'>tanto</span> <span class='ocrx_word' id='word_1_36' title='bbox 1206 467 1335 506; x_wconf 89' lang='lat' dir='ltr'>opere</span> <span class='ocrx_word' id='word_1_37' title='bbox 1357 468 1456 493; x_wconf 85' lang='lat' dir='ltr'>con-</span> 
     </span>
     <span class='ocr_line' id='line_1_6' title="bbox 91 517 1455 573; baseline 0 -11"><span class='ocrx_word' id='word_1_38' title='bbox 91 523 288 568; x_wconf 79' lang='lat' dir='ltr'>tendunt,</span> <span class='ocrx_word' id='word_1_39' title='bbox 328 533 418 558; x_wconf 91' lang='lat' dir='ltr'>non</span> <span class='ocrx_word' id='word_1_40' title='bbox 457 530 499 557; x_wconf 88' lang='lat' dir='ltr'>et</span> <span class='ocrx_word' id='word_1_41' title='bbox 536 520 589 559; x_wconf 88' lang='lat' dir='ltr'>de</span> <span class='ocrx_word' id='word_1_42' title='bbox 622 517 828 559; x_wconf 85' lang='lat' dir='ltr'>Plutarchi</span> <span class='ocrx_word' id='word_1_43' title='bbox 864 521 985 560; x_wconf 91' lang='lat' dir='ltr'>codd.</span> <span class='ocrx_word' id='word_1_44' title='bbox 1022 522 1132 560; x_wconf 83' lang='lat' dir='ltr'>idem</span> <span class='ocrx_word' id='word_1_45' title='bbox 1161 521 1455 573; x_wconf 68' lang='lat' dir='ltr'>pronuntiasse.</span> 
     </span>
     <span class='ocr_line' id='line_1_7' title="bbox 89 585 1454 640; baseline -0.001 -10"><span class='ocrx_word' id='word_1_46' title='bbox 89 592 289 631; x_wconf 83' lang='lat' dir='ltr'>Poterant</span> <span class='ocrx_word' id='word_1_47' title='bbox 316 588 410 627; x_wconf 86' lang='lat' dir='ltr'>sane</span> <span class='ocrx_word' id='word_1_48' title='bbox 448 586 500 625; x_wconf 88' lang='lat' dir='ltr'>de</span> <span class='ocrx_word' id='word_1_49' title='bbox 531 588 675 626; x_wconf 83' lang='lat' dir='ltr'>eadem</span> <span class='ocrx_word' id='word_1_50' title='bbox 711 585 849 627; x_wconf 82' lang='lat' dir='ltr'>fidelia</span> <span class='ocrx_word' id='word_1_51' title='bbox 887 588 992 628; x_wconf 86' lang='lat' dir='ltr'>duos</span> <span class='ocrx_word' id='word_1_52' title='bbox 1026 592 1204 640; x_wconf 86' lang='lat' dir='ltr'>parietes</span> <span class='ocrx_word' id='word_1_53' title='bbox 1235 589 1454 628; x_wconf 84' lang='lat' dir='ltr'>dealbare:</span> 
     </span>
     <span class='ocr_line' id='line_1_8' title="bbox 89 652 1457 709; baseline -0.002 -11"><span class='ocrx_word' id='word_1_54' title='bbox 89 672 178 698; x_wconf 86' lang='lat' dir='ltr'>non</span> <span class='ocrx_word' id='word_1_55' title='bbox 221 660 329 697; x_wconf 88' lang='lat' dir='ltr'>enim</span> <span class='ocrx_word' id='word_1_56' title='bbox 364 655 464 695; x_wconf 83' lang='lat' dir='ltr'>ficus</span> <span class='ocrx_word' id='word_1_57' title='bbox 500 655 593 695; x_wconf 82' lang='lat' dir='ltr'>ficui</span> <span class='ocrx_word' id='word_1_58' title='bbox 631 652 818 703; x_wconf 85' lang='lat' dir='ltr'>fimilior,</span> <span class='ocrx_word' id='word_1_59' title='bbox 873 670 998 709; x_wconf 88' lang='lat' dir='ltr'>quam</span> <span class='ocrx_word' id='word_1_60' title='bbox 1034 656 1123 696; x_wconf 89' lang='lat' dir='ltr'>sunt</span> <span class='ocrx_word' id='word_1_61' title='bbox 1164 655 1235 694; x_wconf 82' lang='lat' dir='ltr'>ista</span> <span class='ocrx_word' id='word_1_62' title='bbox 1273 658 1379 695; x_wconf 83' lang='lat' dir='ltr'>inter</span> <span class='ocrx_word' id='word_1_63' title='bbox 1415 656 1457 695; x_wconf 83' lang='lat' dir='ltr'>se</span> 
     </span>
     <span class='ocr_line' id='line_1_9' title="bbox 88 720 1456 780; baseline -0.001 -16"><span class='ocrx_word' id='word_1_64' title='bbox 88 728 303 780; x_wconf 79' lang='lat' dir='ltr'>principia.</span> <span class='ocrx_word' id='word_1_65' title='bbox 387 727 476 764; x_wconf 90' lang='lat' dir='ltr'>Nec</span> <span class='ocrx_word' id='word_1_66' title='bbox 516 721 703 762; x_wconf 68' lang='lat' dir='ltr'>dissimile</span> <span class='ocrx_word' id='word_1_67' title='bbox 741 720 797 761; x_wconf 84' lang='lat' dir='ltr'>est</span> <span class='ocrx_word' id='word_1_68' title='bbox 831 723 934 762; x_wconf 89' lang='lat' dir='ltr'>illud</span> <span class='ocrx_word' id='word_1_69' title='bbox 969 723 1170 762; x_wconf 82' lang='lat' dir='ltr'>librorum</span> <span class='ocrx_word' id='word_1_70' title='bbox 1205 724 1365 762; x_wconf 84' lang='lat' dir='ltr'>Arriani</span> <span class='ocrx_word' id='word_1_71' title='bbox 1401 724 1456 762; x_wconf 80' lang='lat' dir='ltr'>de</span> 
     </span>
     <span class='ocr_line' id='line_1_10' title="bbox 82 786 1456 845; baseline -0.001 -12"><span class='ocrx_word' id='word_1_72' title='bbox 82 794 325 838; x_wconf 64' lang='lat' dir='ltr'>‚Alexandro</span> <span class='ocrx_word' id='word_1_73' title='bbox 346 794 613 844; x_wconf 84' lang='lat' dir='ltr'>principium:</span> <span class='ocrx_word' id='word_1_74' title='bbox 650 786 836 838; x_wconf 76' lang='grc' dir='ltr'><em>Λέγεται</em></span> <span class='ocrx_word' id='word_1_75' title='bbox 869 789 1074 840; x_wconf 57' lang='grc' dir='ltr'>Φίλιππος</span> <span class='ocrx_word' id='word_1_76' title='bbox 1107 791 1352 845; x_wconf 73' lang='grc' dir='ltr'><em>τελευτῆσαι</em></span> <span class='ocrx_word' id='word_1_77' title='bbox 1382 792 1456 833; x_wconf 68' lang='grc' dir='ltr'>ἐπὶ</span> 
     </span>
     <span class='ocr_line' id='line_1_11' title="bbox 88 850 1453 916; baseline -0.003 -14"><span class='ocrx_word' id='word_1_78' title='bbox 88 855 289 916; x_wconf 56' lang='grc' dir='ltr'>ἄρχοντος</span> <span class='ocrx_word' id='word_1_79' title='bbox 330 854 582 914; x_wconf 69' lang='grc' dir='ltr'>Πυθοδήμου</span> <span class='ocrx_word' id='word_1_80' title='bbox 620 850 837 913; x_wconf 62' lang='grc' dir='ltr'>Ἀθήνῃσι.</span> <span class='ocrx_word' id='word_1_81' title='bbox 917 859 1030 911; x_wconf 84' lang='lat' dir='ltr'>Quin</span> <span class='ocrx_word' id='word_1_82' title='bbox 1066 863 1204 911; x_wconf 87' lang='lat' dir='ltr'>potius</span> <span class='ocrx_word' id='word_1_83' title='bbox 1242 859 1453 899; x_wconf 79' lang='lat' dir='ltr'>statuimus</span> 
     </span>
     <span class='ocr_line' id='line_1_12' title="bbox 60 927 1456 981; baseline 0 -13"><span class='ocrx_word' id='word_1_84' title='bbox 60 931 62 934; x_wconf 71' lang='grc'>’</span> <span class='ocrx_word' id='word_1_85' title='bbox 89 927 275 968; x_wconf 85' lang='lat' dir='ltr'>omissam</span> <span class='ocrx_word' id='word_1_86' title='bbox 308 931 467 968; x_wconf 82' lang='lat' dir='ltr'>auctori</span> <span class='ocrx_word' id='word_1_87' title='bbox 498 927 627 981; x_wconf 80' lang='lat' dir='ltr'>gentis</span> <span class='ocrx_word' id='word_1_88' title='bbox 661 929 991 974; x_wconf 81' lang='lat' dir='ltr'>enarrationem,</span> <span class='ocrx_word' id='word_1_89' title='bbox 1045 930 1157 966; x_wconf 84' lang='lat' dir='ltr'>cuius</span> <span class='ocrx_word' id='word_1_90' title='bbox 1188 928 1382 967; x_wconf 78' lang='lat' dir='ltr'>nobilitas</span> <span class='ocrx_word' id='word_1_91' title='bbox 1414 940 1456 968; x_wconf 87' lang='lat' dir='ltr'>et</span> 
     </span>
     <span class='ocr_line' id='line_1_13' title="bbox 85 992 1509 1045; baseline -0.001 -9"><span class='ocrx_word' id='word_1_92' title='bbox 85 1008 189 1036; x_wconf 84' lang='lat' dir='ltr'>nota</span> <span class='ocrx_word' id='word_1_93' title='bbox 216 1007 303 1035; x_wconf 89' lang='lat' dir='ltr'>erat</span> <span class='ocrx_word' id='word_1_94' title='bbox 335 1007 375 1035; x_wconf 91' lang='lat' dir='ltr'>et</span> <span class='ocrx_word' id='word_1_95' title='bbox 411 1006 522 1035; x_wconf 83' lang='lat' dir='ltr'>extra</span> <span class='ocrx_word' id='word_1_96' title='bbox 559 992 900 1033; x_wconf 83' lang='lat' dir='ltr'>controversiam:</span> <span class='ocrx_word' id='word_1_97' title='bbox 952 1006 1045 1044; x_wconf 84' lang='lat' dir='ltr'>aut,</span> <span class='ocrx_word' id='word_1_98' title='bbox 1085 994 1113 1034; x_wconf 83' lang='lat' dir='ltr'><strong>fi</strong></span> <span class='ocrx_word' id='word_1_99' title='bbox 1149 999 1204 1034; x_wconf 84' lang='lat' dir='ltr'>ita</span> <span class='ocrx_word' id='word_1_100' title='bbox 1236 997 1452 1045; x_wconf 85' lang='lat' dir='ltr'>malumus,</span> <span class='ocrx_word' id='word_1_101' title='bbox 1500 1004 1509 1011; x_wconf 72' lang='lat'><strong><em>“</em></strong></span> 
     </span>
     <span class='ocr_line' id='line_1_14' title="bbox 90 1060 1455 1118; baseline 0.001 -16"><span class='ocrx_word' id='word_1_102' title='bbox 90 1078 219 1118; x_wconf 87' lang='lat' dir='ltr'>quum</span> <span class='ocrx_word' id='word_1_103' title='bbox 240 1062 333 1110; x_wconf 81' lang='lat' dir='ltr'>fibi,</span> <span class='ocrx_word' id='word_1_104' title='bbox 373 1062 454 1101; x_wconf 91' lang='lat' dir='ltr'>alio</span> <span class='ocrx_word' id='word_1_105' title='bbox 480 1061 601 1107; x_wconf 90' lang='lat' dir='ltr'>loco,</span> <span class='ocrx_word' id='word_1_106' title='bbox 633 1071 719 1098; x_wconf 90' lang='lat' dir='ltr'>tum</span> <span class='ocrx_word' id='word_1_107' title='bbox 751 1061 835 1101; x_wconf 86' lang='lat' dir='ltr'>aliis</span> <span class='ocrx_word' id='word_1_108' title='bbox 868 1063 1099 1117; x_wconf 82' lang='lat' dir='ltr'>expositae:</span> <span class='ocrx_word' id='word_1_109' title='bbox 1141 1065 1318 1104; x_wconf 89' lang='lat' dir='ltr'>eundem</span> <span class='ocrx_word' id='word_1_110' title='bbox 1341 1060 1455 1104; x_wconf 24' lang='lat' dir='ltr'>*cete-</span> 
     </span>
     <span class='ocr_line' id='line_1_15' title="bbox 87 1130 1455 1184; baseline 0.003 -14"><span class='ocrx_word' id='word_1_111' title='bbox 87 1145 231 1170; x_wconf 89' lang='lat' dir='ltr'>rorum</span> <span class='ocrx_word' id='word_1_112' title='bbox 261 1135 492 1184; x_wconf 85' lang='lat' dir='ltr'>principum</span> <span class='ocrx_word' id='word_1_113' title='bbox 529 1140 669 1184; x_wconf 83' lang='lat' dir='ltr'>gentes</span> <span class='ocrx_word' id='word_1_114' title='bbox 705 1130 954 1171; x_wconf 79' lang='lat' dir='ltr'>enucleaffe:</span> <span class='ocrx_word' id='word_1_115' title='bbox 990 1143 1036 1171; x_wconf 90' lang='lat' dir='ltr'>ut</span> <span class='ocrx_word' id='word_1_116' title='bbox 1072 1136 1204 1172; x_wconf 87' lang='lat' dir='ltr'>minus</span> <span class='ocrx_word' id='word_1_117' title='bbox 1237 1144 1381 1182; x_wconf 85' lang='lat' dir='ltr'>notas,</span> <span class='ocrx_word' id='word_1_118' title='bbox 1413 1144 1455 1174; x_wconf 88' lang='lat' dir='ltr'>et</span> 
     </span>
     <span class='ocr_line' id='line_1_16' title="bbox 86 1197 1453 1253; baseline 0.004 -17"><span class='ocrx_word' id='word_1_119' title='bbox 86 1209 264 1250; x_wconf 87' lang='lat' dir='ltr'>propter</span> <span class='ocrx_word' id='word_1_120' title='bbox 303 1198 573 1237; x_wconf 81' lang='lat' dir='ltr'>diversitatem</span> <span class='ocrx_word' id='word_1_121' title='bbox 613 1197 863 1238; x_wconf 82' lang='lat' dir='ltr'>tradentium</span> <span class='ocrx_word' id='word_1_122' title='bbox 905 1202 1244 1253; x_wconf 56' lang='lat' dir='ltr'>incertas‘atque</span> <span class='ocrx_word' id='word_1_123' title='bbox 1285 1212 1453 1241; x_wconf 86' lang='lat' dir='ltr'>contro·</span> 
     </span>
     <span class='ocr_line' id='line_1_17' title="bbox 86 1265 1452 1322; baseline 0.004 -18"><span class='ocrx_word' id='word_1_124' title='bbox 86 1265 231 1305; x_wconf 82' lang='lat' dir='ltr'>versas.</span> <span class='ocrx_word' id='word_1_125' title='bbox 289 1267 356 1305; x_wconf 90' lang='lat' dir='ltr'>De</span> <span class='ocrx_word' id='word_1_126' title='bbox 384 1269 429 1304; x_wconf 88' lang='lat' dir='ltr'>iis</span> <span class='ocrx_word' id='word_1_127' title='bbox 458 1277 500 1305; x_wconf 89' lang='lat' dir='ltr'>et</span> <span class='ocrx_word' id='word_1_128' title='bbox 529 1265 724 1319; x_wconf 83' lang='lat' dir='ltr'>quaesivit</span> <span class='ocrx_word' id='word_1_129' title='bbox 757 1266 842 1318; x_wconf 89' lang='lat' dir='ltr'>ipse</span> <span class='ocrx_word' id='word_1_130' title='bbox 872 1267 1111 1322; x_wconf 81' lang='lat' dir='ltr'>diligenter,</span> <span class='ocrx_word' id='word_1_131' title='bbox 1153 1278 1194 1306; x_wconf 86' lang='lat' dir='ltr'>et</span> <span class='ocrx_word' id='word_1_132' title='bbox 1221 1267 1452 1322; x_wconf 24' lang='lat' dir='ltr'>quidfess&#39;et</span> 
     </span>
     <span class='ocr_line' id='line_1_18' title="bbox 85 1331 883 1381; baseline 0.003 -10"><span class='ocrx_word' id='word_1_133' title='bbox 85 1331 147 1372; x_wconf 80' lang='lat' dir='ltr'>sui</span> <span class='ocrx_word' id='word_1_134' title='bbox 171 1333 333 1381; x_wconf 87' lang='lat' dir='ltr'>iudicii,</span> <span class='ocrx_word' id='word_1_135' title='bbox 370 1333 466 1371; x_wconf 86' lang='lat' dir='ltr'>fecit</span> <span class='ocrx_word' id='word_1_136' title='bbox 494 1347 572 1373; x_wconf 85' lang='lat' dir='ltr'>nos</span> <span class='ocrx_word' id='word_1_137' title='bbox 601 1346 648 1373; x_wconf 92' lang='lat' dir='ltr'>ut</span> <span class='ocrx_word' id='word_1_138' title='bbox 680 1334 883 1373; x_wconf 84' lang='lat' dir='ltr'>sciremus.</span> 
     </span>
    </p>

    <p class='ocr_par' dir='ltr' id='par_1_3' title="bbox 86 1398 1451 1577">
     <span class='ocr_line' id='line_1_19' title="bbox 195 1398 1450 1456; baseline 0.002 -16"><span class='ocrx_word' id='word_1_139' title='bbox 195 1400 374 1440; x_wconf 79' lang='lat' dir='ltr'>Annum</span> <span class='ocrx_word' id='word_1_140' title='bbox 401 1415 532 1452; x_wconf 79' lang='lat' dir='ltr'>agens</span> <span class='ocrx_word' id='word_1_141' title='bbox 560 1401 704 1456; x_wconf 79' lang='lat' dir='ltr'><em>XVL]</em></span> <span class='ocrx_word' id='word_1_142' title='bbox 774 1398 881 1440; x_wconf 88' lang='lat' dir='ltr'>Coss.</span> <span class='ocrx_word' id='word_1_143' title='bbox 911 1402 956 1439; x_wconf 94' lang='lat' dir='ltr'>L.</span> <span class='ocrx_word' id='word_1_144' title='bbox 985 1402 1182 1441; x_wconf 86' lang='lat' dir='ltr'>Cornelio</span> <span class='ocrx_word' id='word_1_145' title='bbox 1220 1402 1351 1441; x_wconf 84' lang='lat' dir='ltr'>Cinna</span> <span class='ocrx_word' id='word_1_146' title='bbox 1377 1403 1450 1443; x_wconf 91' lang='lat' dir='ltr'>IV.</span> 
     </span>
     <span class='ocr_line' id='line_1_20' title="bbox 87 1468 1451 1523; baseline 0.002 -16"><span class='ocrx_word' id='word_1_147' title='bbox 87 1468 162 1507; x_wconf 87' lang='lat' dir='ltr'>Cn.</span> <span class='ocrx_word' id='word_1_148' title='bbox 192 1469 373 1523; x_wconf 81' lang='lat' dir='ltr'>Papyrio</span> <span class='ocrx_word' id='word_1_149' title='bbox 406 1470 600 1509; x_wconf 83' lang='lat' dir='ltr'>Carbone</span> <span class='ocrx_word' id='word_1_150' title='bbox 630 1470 681 1508; x_wconf 93' lang='grc' dir='ltr'>ΙΙ.</span> <span class='ocrx_word' id='word_1_151' title='bbox 748 1470 879 1508; x_wconf 87' lang='lat' dir='ltr'>Natus</span> <span class='ocrx_word' id='word_1_152' title='bbox 918 1471 1026 1508; x_wconf 88' lang='lat' dir='ltr'>enim</span> <span class='ocrx_word' id='word_1_153' title='bbox 1055 1468 1203 1507; x_wconf 80' lang='lat' dir='ltr'>Caesar</span> <span class='ocrx_word' id='word_1_154' title='bbox 1231 1471 1278 1509; x_wconf 89' lang='lat' dir='ltr'>C.</span> <span class='ocrx_word' id='word_1_155' title='bbox 1309 1471 1451 1511; x_wconf 80' lang='lat' dir='ltr'>Mario</span> 
     </span>
     <span class='ocr_line' id='line_1_21' title="bbox 86 1535 1280 1577; baseline 0.002 -2"><span class='ocrx_word' id='word_1_156' title='bbox 86 1535 158 1575; x_wconf 86' lang='lat' dir='ltr'>VI.</span> <span class='ocrx_word' id='word_1_157' title='bbox 199 1547 241 1575; x_wconf 84' lang='lat' dir='ltr'>et</span> <span class='ocrx_word' id='word_1_158' title='bbox 269 1537 315 1575; x_wconf 90' lang='lat' dir='ltr'>L.</span> <span class='ocrx_word' id='word_1_159' title='bbox 349 1537 520 1576; x_wconf 85' lang='lat' dir='ltr'>Valerio</span> <span class='ocrx_word' id='word_1_160' title='bbox 554 1537 703 1576; x_wconf 85' lang='lat' dir='ltr'>Flacco</span> <span class='ocrx_word' id='word_1_161' title='bbox 739 1536 846 1577; x_wconf 83' lang='lat' dir='ltr'>Coss.</span> <span class='ocrx_word' id='word_1_162' title='bbox 877 1553 912 1576; x_wconf 84' lang='lat' dir='ltr'>a.</span> <span class='ocrx_word' id='word_1_163' title='bbox 940 1538 991 1577; x_wconf 92' lang='lat' dir='ltr'>U.</span> <span class='ocrx_word' id='word_1_164' title='bbox 1025 1537 1071 1576; x_wconf 91' lang='lat' dir='ltr'>C.</span> <span class='ocrx_word' id='word_1_165' title='bbox 1095 1537 1280 1577; x_wconf 90' lang='lat' dir='ltr'><strong>DCLIV.</strong></span> 
     </span>
    </p>

    <p class='ocr_par' dir='ltr' id='par_1_4' title="bbox 52 1604 1451 2679">
     <span class='ocr_line' id='line_1_22' title="bbox 195 1604 1450 1660; baseline 0.002 -17"><span class='ocrx_word' id='word_1_166' title='bbox 195 1606 379 1644; x_wconf 66' lang='lat' dir='ltr'>Patrem</span> <span class='ocrx_word' id='word_1_167' title='bbox 406 1604 569 1660; x_wconf 71' lang='lat' dir='ltr'>attufit]</span> <span class='ocrx_word' id='word_1_168' title='bbox 628 1607 673 1644; x_wconf 88' lang='lat' dir='ltr'>C.</span> <span class='ocrx_word' id='word_1_169' title='bbox 704 1605 852 1644; x_wconf 88' lang='lat' dir='ltr'>Iulium</span> <span class='ocrx_word' id='word_1_170' title='bbox 883 1604 1119 1644; x_wconf 80' lang='lat' dir='ltr'>Caesarem:</span> <span class='ocrx_word' id='word_1_171' title='bbox 1158 1605 1211 1644; x_wconf 89' lang='lat' dir='ltr'>de</span> <span class='ocrx_word' id='word_1_172' title='bbox 1242 1608 1354 1645; x_wconf 90' lang='lat' dir='ltr'>cuius</span> <span class='ocrx_word' id='word_1_173' title='bbox 1386 1620 1450 1645; x_wconf 83' lang='lat' dir='ltr'>re-</span> 
     </span>
     <span class='ocr_line' id='line_1_23' title="bbox 85 1672 1451 1726; baseline 0.004 -17"><span class='ocrx_word' id='word_1_174' title='bbox 85 1676 258 1724; x_wconf 86' lang='lat' dir='ltr'>pentino</span> <span class='ocrx_word' id='word_1_175' title='bbox 280 1672 411 1719; x_wconf 81' lang='lat' dir='ltr'>obitu,</span> <span class='ocrx_word' id='word_1_176' title='bbox 430 1672 529 1711; x_wconf 88' lang='lat' dir='ltr'>dum</span> <span class='ocrx_word' id='word_1_177' title='bbox 548 1675 750 1712; x_wconf 81' lang='lat' dir='ltr'>matutino</span> <span class='ocrx_word' id='word_1_178' title='bbox 773 1674 978 1721; x_wconf 81' lang='lat' dir='ltr'>calciatur,</span> <span class='ocrx_word' id='word_1_179' title='bbox 1008 1674 1109 1713; x_wconf 88' lang='lat' dir='ltr'>Plin.</span> <span class='ocrx_word' id='word_1_180' title='bbox 1133 1688 1170 1726; x_wconf 85' lang='lat'>7,</span> <span class='ocrx_word' id='word_1_181' title='bbox 1185 1683 1251 1723; x_wconf 78' lang='lat'>53.</span> <span class='ocrx_word' id='word_1_182' title='bbox 1290 1674 1451 1715; x_wconf 85' lang='lat' dir='ltr'>Falsum</span> 
     </span>
     <span class='ocr_line' id='line_1_24' title="bbox 88 1738 1451 1801; baseline 0.003 -23"><span class='ocrx_word' id='word_1_183' title='bbox 88 1738 165 1788; x_wconf 87' lang='lat' dir='ltr'>est,</span> <span class='ocrx_word' id='word_1_184' title='bbox 197 1741 315 1793; x_wconf 86' lang='lat' dir='ltr'>quod</span> <span class='ocrx_word' id='word_1_185' title='bbox 334 1741 484 1781; x_wconf 80' lang='lat' dir='ltr'>Graeci</span> <span class='ocrx_word' id='word_1_186' title='bbox 505 1745 640 1789; x_wconf 86' lang='lat' dir='ltr'>aiunt,</span> <span class='ocrx_word' id='word_1_187' title='bbox 672 1741 886 1780; x_wconf 87' lang='lat' dir='ltr'>Caesarem</span> <span class='ocrx_word' id='word_1_188' title='bbox 908 1741 1151 1781; x_wconf 86' lang='lat' dir='ltr'>dictatorem</span> <span class='ocrx_word' id='word_1_189' title='bbox 1176 1756 1200 1780; x_wconf 87' lang='lat' dir='ltr'>a</span> <span class='ocrx_word' id='word_1_190' title='bbox 1226 1742 1342 1801; x_wconf 70' lang='lat' dir='ltr'>caeso</span> <span class='ocrx_word' id='word_1_191' title='bbox 1363 1758 1451 1786; x_wconf 85' lang='lat' dir='ltr'>ma-</span> 
     </span>
     <span class='ocr_line' id='line_1_25' title="bbox 86 1807 1449 1865; baseline 0.004 -20"><span class='ocrx_word' id='word_1_192' title='bbox 86 1809 155 1846; x_wconf 86' lang='lat' dir='ltr'>tris</span> <span class='ocrx_word' id='word_1_193' title='bbox 186 1807 281 1846; x_wconf 85' lang='lat' dir='ltr'>suae</span> <span class='ocrx_word' id='word_1_194' title='bbox 310 1820 432 1848; x_wconf 91' lang='lat' dir='ltr'>utero</span> <span class='ocrx_word' id='word_1_195' title='bbox 466 1824 702 1864; x_wconf 85' lang='lat' dir='ltr'>cognomen</span> <span class='ocrx_word' id='word_1_196' title='bbox 735 1808 939 1850; x_wconf 76' lang='lat' dir='ltr'>invenisse.</span> <span class='ocrx_word' id='word_1_197' title='bbox 1010 1811 1182 1865; x_wconf 80' lang='lat' dir='ltr'>Legere&#39;</span> <span class='ocrx_word' id='word_1_198' title='bbox 1204 1811 1248 1849; x_wconf 81' lang='lat' dir='ltr'>id</span> <span class='ocrx_word' id='word_1_199' title='bbox 1280 1814 1449 1850; x_wconf 85' lang='lat' dir='ltr'>memini</span> 
     </span>
     <span class='ocr_line' id='line_1_26' title="bbox 86 1875 1448 1934; baseline 0.005 -22"><span class='ocrx_word' id='word_1_200' title='bbox 86 1875 199 1927; x_wconf 88' lang='lat' dir='ltr'>apud</span> <span class='ocrx_word' id='word_1_201' title='bbox 227 1877 484 1927; x_wconf 88' lang='lat' dir='ltr'>Cedrenum,</span> <span class='ocrx_word' id='word_1_202' title='bbox 525 1880 716 1925; x_wconf 85' lang='lat' dir='ltr'>Suidam,</span> <span class='ocrx_word' id='word_1_203' title='bbox 766 1878 963 1933; x_wconf 73' lang='lat' dir='ltr'>Glycam,</span> <span class='ocrx_word' id='word_1_204' title='bbox 1007 1889 1049 1917; x_wconf 89' lang='lat' dir='ltr'>et</span> <span class='ocrx_word' id='word_1_205' title='bbox 1075 1881 1117 1917; x_wconf 90' lang='lat' dir='ltr'>in</span> <span class='ocrx_word' id='word_1_206' title='bbox 1149 1879 1448 1934; x_wconf 79' lang='lat' dir='ltr'>Etymologico</span> 
     </span>
     <span class='ocr_line' id='line_1_27' title="bbox 84 1945 1448 1999; baseline 0.004 -18"><span class='ocrx_word' id='word_1_207' title='bbox 84 1956 264 1997; x_wconf 77' lang='lat' dir='ltr'>magno,</span> <span class='ocrx_word' id='word_1_208' title='bbox 314 1957 440 1999; x_wconf 84' lang='lat' dir='ltr'>atque</span> <span class='ocrx_word' id='word_1_209' title='bbox 470 1949 593 1984; x_wconf 87' lang='lat' dir='ltr'>etiam</span> <span class='ocrx_word' id='word_1_210' title='bbox 624 1945 738 1997; x_wconf 83' lang='lat' dir='ltr'>apud</span> <span class='ocrx_word' id='word_1_211' title='bbox 766 1945 981 1997; x_wconf 79' lang='lat' dir='ltr'>scriptores</span> <span class='ocrx_word' id='word_1_212' title='bbox 1023 1946 1182 1998; x_wconf 79' lang='lat' dir='ltr'>aliquot</span> <span class='ocrx_word' id='word_1_213' title='bbox 1217 1946 1448 1986; x_wconf 70' lang='lat' dir='ltr'>Hebraeos.</span> 
     </span>
     <span class='ocr_line' id='line_1_28' title="bbox 85 2011 1447 2068; baseline 0.002 -19"><span class='ocrx_word' id='word_1_214' title='bbox 85 2011 263 2065; x_wconf 84' lang='lat' dir='ltr'>Decepti</span> <span class='ocrx_word' id='word_1_215' title='bbox 294 2013 409 2062; x_wconf 88' lang='lat' dir='ltr'>sunt,</span> <span class='ocrx_word' id='word_1_216' title='bbox 454 2014 572 2068; x_wconf 88' lang='lat' dir='ltr'>quod</span> <span class='ocrx_word' id='word_1_217' title='bbox 605 2023 800 2065; x_wconf 88' lang='lat' dir='ltr'>putarent</span> <span class='ocrx_word' id='word_1_218' title='bbox 827 2015 1007 2064; x_wconf 83' lang='lat' dir='ltr'>primum</span> <span class='ocrx_word' id='word_1_219' title='bbox 1033 2012 1141 2052; x_wconf 87' lang='lat' dir='ltr'>hunc</span> <span class='ocrx_word' id='word_1_220' title='bbox 1169 2016 1211 2052; x_wconf 90' lang='lat' dir='ltr'>in</span> <span class='ocrx_word' id='word_1_221' title='bbox 1245 2027 1295 2052; x_wconf 85' lang='lat' dir='ltr'>ea</span> <span class='ocrx_word' id='word_1_222' title='bbox 1322 2025 1447 2068; x_wconf 84' lang='lat' dir='ltr'>gente</span> 
     </span>
     <span class='ocr_line' id='line_1_29' title="bbox 85 2078 1449 2137; baseline 0.002 -20"><span class='ocrx_word' id='word_1_223' title='bbox 85 2079 266 2119; x_wconf 84' lang='lat' dir='ltr'>Caesaris</span> <span class='ocrx_word' id='word_1_224' title='bbox 308 2096 544 2137; x_wconf 84' lang='lat' dir='ltr'>cognomen</span> <span class='ocrx_word' id='word_1_225' title='bbox 582 2078 785 2121; x_wconf 86' lang='lat' dir='ltr'>habuisse:</span> <span class='ocrx_word' id='word_1_226' title='bbox 842 2080 886 2118; x_wconf 91' lang='lat' dir='ltr'>id</span> <span class='ocrx_word' id='word_1_227' title='bbox 931 2091 1031 2120; x_wconf 87' lang='lat' dir='ltr'>vero</span> <span class='ocrx_word' id='word_1_228' title='bbox 1083 2078 1329 2119; x_wconf 80' lang='lat' dir='ltr'>falsissimum</span> <span class='ocrx_word' id='word_1_229' title='bbox 1367 2079 1449 2120; x_wconf 88' lang='lat' dir='ltr'>esse</span> 
     </span>
     <span class='ocr_line' id='line_1_30' title="bbox 60 2145 1446 2202; baseline 0.001 -17"><span class='ocrx_word' id='word_1_230' title='bbox 60 2145 211 2194; x_wconf 39' lang='lat' dir='ltr'>,sciunt</span> <span class='ocrx_word' id='word_1_231' title='bbox 247 2159 288 2188; x_wconf 89' lang='lat' dir='ltr'>et</span> <span class='ocrx_word' id='word_1_232' title='bbox 330 2152 403 2202; x_wconf 85' lang='lat' dir='ltr'>qui</span> <span class='ocrx_word' id='word_1_233' title='bbox 434 2150 622 2188; x_wconf 87' lang='lat' dir='ltr'>nondum</span> <span class='ocrx_word' id='word_1_234' title='bbox 660 2164 754 2190; x_wconf 86' lang='lat' dir='ltr'>aere</span> <span class='ocrx_word' id='word_1_235' title='bbox 790 2150 988 2188; x_wconf 85' lang='lat' dir='ltr'>lavantur.</span> <span class='ocrx_word' id='word_1_236' title='bbox 1060 2150 1216 2188; x_wconf 85' lang='lat' dir='ltr'>Verum</span> <span class='ocrx_word' id='word_1_237' title='bbox 1246 2148 1290 2186; x_wconf 84' lang='lat' dir='ltr'>id</span> <span class='ocrx_word' id='word_1_238' title='bbox 1317 2161 1446 2202; x_wconf 85' lang='lat' dir='ltr'>genus</span> 
     </span>
     <span class='ocr_line' id='line_1_31' title="bbox 55 2214 1449 2272; baseline 0.001 -17"><span class='ocrx_word' id='word_1_239' title='bbox 55 2214 300 2269; x_wconf 12' lang='lat' dir='ltr'>*scriptores</span> <span class='ocrx_word' id='word_1_240' title='bbox 342 2220 575 2272; x_wconf 79' lang='lat' dir='ltr'>ignorantia</span> <span class='ocrx_word' id='word_1_241' title='bbox 613 2232 787 2272; x_wconf 80' lang='lat' dir='ltr'>peccare</span> <span class='ocrx_word' id='word_1_242' title='bbox 828 2217 1111 2256; x_wconf 89' lang='lat' dir='ltr'>Romanarum</span> <span class='ocrx_word' id='word_1_243' title='bbox 1149 2230 1308 2263; x_wconf 88' lang='lat' dir='ltr'>rerum,</span> <span class='ocrx_word' id='word_1_244' title='bbox 1359 2229 1449 2257; x_wconf 86' lang='lat' dir='ltr'>non</span> 
     </span>
     <span class='ocr_line' id='line_1_32' title="bbox 84 2284 1448 2341; baseline -0.001 -18"><span class='ocrx_word' id='word_1_245' title='bbox 84 2288 223 2326; x_wconf 89' lang='lat' dir='ltr'>miror.</span> <span class='ocrx_word' id='word_1_246' title='bbox 290 2285 408 2326; x_wconf 90' lang='lat' dir='ltr'>Illam</span> <span class='ocrx_word' id='word_1_247' title='bbox 442 2286 633 2341; x_wconf 85' lang='lat' dir='ltr'>Hesychii</span> <span class='ocrx_word' id='word_1_248' title='bbox 670 2284 885 2326; x_wconf 77' lang='lat' dir='ltr'>doctissimi</span> <span class='ocrx_word' id='word_1_249' title='bbox 924 2285 1180 2323; x_wconf 79' lang='lat' dir='ltr'>Graecorum</span> <span class='ocrx_word' id='word_1_250' title='bbox 1215 2286 1448 2324; x_wconf 82' lang='lat' dir='ltr'>criticorum</span> 
     </span>
     <span class='ocr_line' id='line_1_33' title="bbox 77 2345 1448 2410; baseline -0.001 -16"><span class='ocrx_word' id='word_1_251' title='bbox 77 2364 226 2394; x_wconf 18' lang='lat' dir='ltr'>*notam</span> <span class='ocrx_word' id='word_1_252' title='bbox 254 2354 375 2409; x_wconf 87' lang='lat' dir='ltr'>saepe</span> <span class='ocrx_word' id='word_1_253' title='bbox 393 2357 560 2395; x_wconf 86' lang='lat' dir='ltr'>miratus</span> <span class='ocrx_word' id='word_1_254' title='bbox 583 2355 691 2394; x_wconf 88' lang='lat' dir='ltr'>sum:</span> <span class='ocrx_word' id='word_1_255' title='bbox 722 2347 950 2410; x_wconf 69' lang='lat' dir='ltr'>Koemoe&#39;poet‚</span> <span class='ocrx_word' id='word_1_256' title='bbox 984 2345 1325 2407; x_wconf 59' lang='lat' dir='ltr'>wepmeffioe‘mzoee.</span> <span class='ocrx_word' id='word_1_257' title='bbox 1381 2355 1448 2393; x_wconf 77' lang='lat' dir='ltr'>An</span> 
     </span>
     <span class='ocr_line' id='line_1_34' title="bbox 84 2413 1444 2474; baseline 0.001 -15"><span class='ocrx_word' id='word_1_258' title='bbox 84 2420 265 2461; x_wconf 87' lang='lat' dir='ltr'>dicemus</span> <span class='ocrx_word' id='word_1_259' title='bbox 292 2436 439 2461; x_wconf 88' lang='lat' dir='ltr'>vocem</span> <span class='ocrx_word' id='word_1_260' title='bbox 467 2427 612 2462; x_wconf 82' lang='lat' dir='ltr'>veteris</span> <span class='ocrx_word' id='word_1_261' title='bbox 636 2426 836 2464; x_wconf 82' lang='lat' dir='ltr'>Graeciae</span> <span class='ocrx_word' id='word_1_262' title='bbox 866 2420 946 2460; x_wconf 85' lang='lat' dir='ltr'>esse</span> <span class='ocrx_word' id='word_1_263' title='bbox 975 2413 1180 2474; x_wconf 68' lang='lat' dir='ltr'>uxco-x&#39;px?</span> <span class='ocrx_word' id='word_1_264' title='bbox 1211 2434 1261 2458; x_wconf 81' lang='lat' dir='ltr'>an</span> <span class='ocrx_word' id='word_1_265' title='bbox 1289 2420 1444 2459; x_wconf 77' lang='lat' dir='ltr'>fallitur</span> 
     </span>
     <span class='ocr_line' id='line_1_35' title="bbox 81 2487 1448 2542; baseline 0.004 -18"><span class='ocrx_word' id='word_1_266' title='bbox 81 2487 150 2525; x_wconf 89' lang='lat' dir='ltr'>ille</span> <span class='ocrx_word' id='word_1_267' title='bbox 186 2491 229 2527; x_wconf 87' lang='lat' dir='ltr'>in</span> <span class='ocrx_word' id='word_1_268' title='bbox 250 2493 362 2529; x_wconf 85' lang='lat' dir='ltr'>vocis</span> <span class='ocrx_word' id='word_1_269' title='bbox 389 2491 558 2531; x_wconf 81' lang='lat' dir='ltr'>Latinae</span> <span class='ocrx_word' id='word_1_270' title='bbox 587 2493 801 2542; x_wconf 62' lang='lat' dir='ltr'>cacsszrz&#39;es</span> <span class='ocrx_word' id='word_1_271' title='bbox 831 2490 1200 2541; x_wconf 80' lang='lat' dir='ltr'>interpretatione?</span> <span class='ocrx_word' id='word_1_272' title='bbox 1246 2489 1384 2529; x_wconf 83' lang='lat' dir='ltr'>Potest</span> <span class='ocrx_word' id='word_1_273' title='bbox 1406 2501 1448 2529; x_wconf 87' lang='lat' dir='ltr'>et</span> 
     </span>
     <span class='ocr_line' id='line_1_36' title="bbox 52 2556 1447 2609; baseline 0.004 -17"><span class='ocrx_word' id='word_1_274' title='bbox 52 2556 248 2609; x_wconf 81' lang='lat' dir='ltr'>:Syriaca</span> <span class='ocrx_word' id='word_1_275' title='bbox 268 2571 348 2596; x_wconf 89' lang='lat' dir='ltr'>vox</span> <span class='ocrx_word' id='word_1_276' title='bbox 370 2557 473 2608; x_wconf 85' lang='lat' dir='ltr'>esse,</span> <span class='ocrx_word' id='word_1_277' title='bbox 509 2571 556 2598; x_wconf 91' lang='lat' dir='ltr'>ut</span> <span class='ocrx_word' id='word_1_278' title='bbox 575 2560 678 2599; x_wconf 67' lang='lat' dir='ltr'>aliae</span> <span class='ocrx_word' id='word_1_279' title='bbox 707 2560 860 2598; x_wconf 86' lang='lat' dir='ltr'>multae</span> <span class='ocrx_word' id='word_1_280' title='bbox 886 2561 928 2596; x_wconf 91' lang='lat' dir='ltr'>in</span> <span class='ocrx_word' id='word_1_281' title='bbox 961 2571 1011 2596; x_wconf 91' lang='lat' dir='ltr'>eo</span> <span class='ocrx_word' id='word_1_282' title='bbox 1044 2567 1233 2596; x_wconf 87' lang='lat' dir='ltr'>auctore:</span> <span class='ocrx_word' id='word_1_283' title='bbox 1276 2571 1373 2606; x_wconf 85' lang='lat' dir='ltr'>nam</span> <span class='ocrx_word' id='word_1_284' title='bbox 1403 2560 1447 2598; x_wconf 85' lang='lat' dir='ltr'>in</span> 
     </span>
     <span class='ocr_line' id='line_1_37' title="bbox 88 2622 1446 2679; baseline 0.004 -20"><span class='ocrx_word' id='word_1_285' title='bbox 88 2622 275 2676; x_wconf 69' lang='lat' dir='ltr'>Tar-gum</span> <span class='ocrx_word' id='word_1_286' title='bbox 295 2626 553 2667; x_wconf 75' lang='lat' dir='ltr'>lonaclmnis</span> <span class='ocrx_word' id='word_1_287' title='bbox 581 2639 709 2668; x_wconf 52' lang='grc' dir='ltr'>,φη-ω)</span> <span class='ocrx_word' id='word_1_288' title='bbox 748 2624 871 2666; x_wconf 80' lang='lat' dir='ltr'>exstat</span> <span class='ocrx_word' id='word_1_289' title='bbox 906 2627 1082 2665; x_wconf 81' lang='lat' dir='ltr'>notione</span> <span class='ocrx_word' id='word_1_290' title='bbox 1111 2623 1223 2665; x_wconf 84' lang='lat' dir='ltr'>affini</span> <span class='ocrx_word' id='word_1_291' title='bbox 1250 2639 1330 2679; x_wconf 88' lang='lat' dir='ltr'>pro</span> <span class='ocrx_word' id='word_1_292' title='bbox 1359 2624 1446 2665; x_wconf 81' lang='lat' dir='ltr'>scu·</span> 
     </span>
    </p>
   </div>
  </div>
 </body>
</html>
