1678 2964
370 159 794 206 m,-AUGUSTUM.
854 158 970 198 CAP.
1007 168 1068 209 15.
1099 162 1166 200 -ιδ,
1365 173 1449 218 257

192 288 242 328 A.
263 287 313 325 U.
338 286 383 324 C.
423 285 633 323 DCCXV.
693 282 964 335 Colloquium
997 294 1037 322 et
1065 284 1214 323 foedus
1248 285 1301 324 ad
1327 286 1448 327 Mise-

80 371 180 398 num
213 356 547 408 promontorium
576 356 683 391 inter
720 352 958 399 Octavium,
998 352 1224 392 Antonium
1258 365 1298 393 et
1324 357 1446 394 Pom-

77 428 233 479 peium.
292 421 425 461 Sicilia
458 432 498 459 et
519 420 671 459 Achaia
701 419 906 470 Pompeio
938 422 980 458 in
1010 424 1121 472 pacis
1152 423 1324 461 foedere
1348 439 1446 464 con-

80 495 302 534 ceduntur:
342 494 426 529 eius
450 490 529 528 filia
561 491 622 527 M.
647 487 850 527 Marcello
874 488 1070 528 Octaviae
1089 491 1129 530 F.
1153 490 1444 542 despondetur.

189 563 238 601 A.
258 561 308 599 U.
333 561 377 598 C.
418 557 646 598 DCCXVI.
706 558 853 596 Menas
879 571 901 596 a
923 558 1130 610 Pompeio
1155 559 1208 598 ad
1233 560 1448 602 Caesarem
1479 574 1482 577 ’

76 632 317 684 transfugit:
368 628 522 666 bellum
563 626 745 666 Siculum
790 625 894 664 ferio
932 627 1198 666 recrudescit:
1242 630 1448 671 Antonius

77 703 210 740 accitu
255 697 434 736 Caesaris
490 693 747 735 Brundisium
793 708 927 747 usque
978 699 1111 735 venit:
1174 697 1271 736 inde
1312 697 1446 738 statim

75 769 215 816 solvit,
277 769 529 817 revertitque
587 767 630 802 in
693 763 933 811 Graeciam,
997 765 1199 819 prodigiis
1266 771 1442 806 territus.

74 838 267 889 Pompeii
297 834 422 874 clasfis
459 836 608 873 Cumas
644 836 686 872 in
716 833 831 871 Italia
863 846 1062 886 occupat,
1117 835 1280 887 aliaque
1315 840 1357 876 in
1393 852 1444 878 ea

76 920 173 953 ora,
216 904 384 944 ducibus
417 905 659 942 Menecrate
691 912 732 940 et
758 901 1068 954 Apollophane.
1129 904 1321 944 Octavius
1352 920 1445 945 cum

9 1020 11 1023 v
73 975 230 1016 Sabino
273 984 315 1012 et
349 971 467 1012 classe
497 971 565 1010 sua
598 970 805 1025 Rhegium
847 975 978 1010 venit:
1025 972 1195 1024 proeliis
1229 974 1442 1014 navalibus

0 1051 2 1060 '
63 1049 182 1088 *inter
211 1053 291 1083 eos‘
311 1045 422 1081 varie
452 1051 694 1095 pugnatum.
765 1039 929 1078 Caesari
967 1039 1093 1080 classis
1128 1056 1224 1093 pars
1251 1048 1443 1092 maxima,

74 1129 159 1169 qua
189 1116 228 1153 vi
256 1109 455 1157 hostium,
501 1124 579 1162 qua
621 1107 953 1161 tempestatibus,
1009 1121 1050 1149 et
1087 1113 1255 1163 quidem
1295 1113 1446 1155 aestate

73 1185 195 1237 perit.
253 1182 335 1220 Res
357 1181 546 1231 Pompeii
571 1179 820 1217 Menecratis
854 1178 967 1217 ducis
999 1181 1156 1218 iactura
1188 1180 1308 1220 valde
1331 1181 1446 1222 labe·

73 1253 264 1292 factatae.

186 1321 236 1358 A.
258 1318 308 1356 U.
334 1317 378 1356 C.
426 1314 676 1354 DCCXVII.
742 1315 976 1366 Superioris
1009 1317 1104 1353 anni
1142 1315 1253 1365 finis,
1301 1328 1342 1357 et
1379 1317 1446 1359 hic

74 1400 212 1436 totus,
253 1401 276 1426 a
311 1384 483 1424 Caesare
512 1383 808 1438 impenduntur
841 1385 884 1420 in
912 1382 1098 1434 paranda
1123 1382 1241 1424 classe
1269 1396 1310 1424 et
1334 1399 1446 1424 exer-

74 1458 212 1498 cendiS
252 1457 405 1507 copiis:
461 1455 584 1504 eique
622 1454 796 1505 negotio
842 1450 1081 1503 praeficitur
1125 1452 1185 1491 M.
1227 1452 1444 1506 Vipsanius

71 1530 270 1584 Agrippa.
1191 1564 1195 1568 .

186 1597 233 1634 A.
267 1593 316 1630 U.
346 1592 391 1630 C.
434 1587 705 1628 DCCXVIII.
764 1589 912 1628 Menas
949 1589 1059 1627 redit
1094 1589 1147 1628 ad
1175 1589 1446 1641 Pompeium,

75 1679 170 1705 eum
210 1646 392 1713 denique
427 1672 525 1697 mox
562 1660 711 1695 iterum
758 1656 916 1697 deserit.
963 1663 966 1667 '
1003 1659 1100 1699 Hoc
1138 1671 1247 1697 anno
1299 1657 1449 1699 Caesar

74 1735 236 1774 adiutus
273 1728 421 1781 Lepidi
459 1729 611 1778 copiis,
662 1736 772 1764 terra
816 1729 1004 1779 marique
1044 1730 1086 1765 in
1128 1727 1263 1766 Sicilia
1305 1738 1347 1767 et
1393 1730 1447 1768 ad

75 1802 254 1842 Siciliam
283 1799 531 1848 Pompeium
572 1806 791 1849 oppugnat
822 1796 1090 1848 tandemque
1123 1808 1351 1851 expugnat,
1405 1810 1448 1838 et

73 1873 117 1910 in
146 1870 286 1923 fugam
316 1865 355 1904 se
386 1865 484 1903 dare
516 1863 740 1915 compellit.
797 1864 906 1911 Dio,
946 1866 1184 1916 Appianas,
1225 1868 1364 1905 ceteri.

187 1933 324 1976 Modo
367 1931 721 1987 reparandarum
767 1931 957 1984 claffium
993 1947 1075 1971 cau
1110 1926 1164 1987 ἃ]
1231 1934 1360 1974 Refer
1395 1934 1450 1974 ad

72 2019 229 2048 ‘annum
262 2003 479 2043 DCCXVI
513 2013 553 2040 et
580 2001 832 2055 sequentem.

187 2077 247 2114 Ec
281 2072 459 2128 quidem
494 2087 578 2126 per
616 2067 850 2126 aestatem]
914 2073 1017 2111 ’Non
1046 2070 1130 2111 fine
1155 2069 1288 2110 cauffa
1315 2082 1448 2112 notat.

77 2146 188 2187 Nam
214 2157 352 2198 neque
381 2142 485 2182 solet
513 2142 601 2181 fieri
627 2145 669 2180 in.
707 2142 779 2181 illo
811 2144 926 2188 mari,
961 2152 1002 2180 et
1029 2142 1236 2181 calamitas
1269 2140 1450 2181 Caesaris

76 2215 280 2256 eiusmodi
310 2214 408 2261 fuit,
451 2222 498 2250 ut
529 2209 783 2251 consessione
817 2214 1003 2250 omnium
1044 2213 1102 2249 ira
1146 2209 1270 2248 defun
1306 2210 1450 2249 adver-

75 2285 138 2326 fus
178 2283 333 2336 ipsum,
387 2282 531 2321 favore
572 2279 759 2320 adversus
789 2282 957 2318 Sextum
999 2277 1186 2318 accidisse
1228 2278 1448 2319 videretur.

78 2355 309 2404 Propterea
345 2343 571 2404 ἐχαυνώθη
614 2348 733 2388 miser
772 2350 941 2396 Sextus,
1004 2351 1103 2387 virio
1141 2347 1233 2386 usus
1280 2346 1449 2386 humani

78 2423 242 2475 ingenii.
299 2419 446 2471 Itaque
475 2433 575 2474 ergo
603 2417 703 2457 nihil
735 2421 816 2456 iam
846 2417 1022 2456 hominis
1053 2416 1230 2469 spirans,
1262 2417 1449 2469 Neptuni

78 2489 182 2532 filius
220 2498 259 2526 et
289 2487 367 2525 dici
398 2498 438 2526 et
474 2488 586 2527 credi
613 2487 754 2526 veluit.

192 2555 328 2598 Modo
362 2571 477 2610 pace
501 2557 665 2613 sacca]
732 2557 780 2604 A.
809 2555 859 2595 U.
894 2554 939 2594 C.
980 2553 1190 2596 DCCXV.
1255 2553 1309 2592 Et
1346 2562 1452 2593 nota

82 2624 389 2682 ὖστερολογιίκν,

143 2745 240 2789 Vol.
266 2746 344 2785 III.
1258 2731 1302 2778 R
