1678 2964
217 147 298 174 200
568 128 883 172 CASAUBONI
923 132 1170 173 COMMEN
1177 136 1226 174 T.

220 256 384 310 polita,
439 255 596 296 constat
632 256 734 294 illud
777 253 856 294 esse
901 259 942 294 in
978 257 1233 296 Mamurram
1273 259 1583 313 προηγουμένως

223 326 443 378 scriptum,
507 326 617 362 cuius
673 326 789 363 initio
840 323 916 363 est:
977 326 1081 377 Quis
1119 325 1201 362 ltoc
1239 326 1376 378 pocaegft
1416 327 1582 370 videre,

219 393 314 447 quis
335 389 475 444 7205(st
511 392 644 442 paci?
702 392 841 440 Quum
887 394 1009 445 igitur
1040 395 1194 431 mentio
1231 395 1411 445 praedae
1445 395 1586 433 Ponti-

219 473 293 499 cae
328 469 369 497 et
397 457 581 496 Ibericae
618 469 783 512 arguat,
813 458 1004 510 scriptum
1045 457 1122 497 effe
1153 460 1195 497 id
1224 464 1477 513 epigramma
1515 460 1586 499 sub

220 537 415 577 tempora
450 522 664 563 novissima
695 528 800 563 vitae
832 524 1032 571 Caesaris;
1075 527 1213 580 colligi
1240 528 1335 566 inde
1363 525 1585 567 necessario

159 636 165 642 ,
219 594 410 641 videtur,
444 606 552 646 quac
581 590 647 630 hie
675 591 866 630 dicuntur
896 594 948 631 de
978 593 1314 632 reconciliatione
1340 595 1517 634 Caesaris
1547 607 1587 635 et

219 661 394 708 Catulli,
427 675 475 698 ea
506 658 620 697 brevi
659 659 730 698 illo
764 669 954 712 tempore
989 659 1068 699 effe
1099 660 1231 715 gesta,
1260 662 1376 714 quod
1404 663 1586 701 medium

216 730 295 768 fuit
329 731 436 767 inter
481 727 659 765 reditum
689 727 868 766 Caesaris
910 730 952 766 in
994 728 1141 766 urbem
1179 726 1272 779 post
1307 729 1416 767 bella
1458 730 1589 770 civilia

217 796 409 834 confecta
442 804 481 832 et
515 797 599 833 eius
633 795 815 834 caedem.
875 797 990 834 Haec
1018 795 1047 834 fi
1091 799 1143 834 ita
1176 796 1283 844 sunt,
1331 810 1418 835 non
1446 797 1585 844 video,

218 866 291 916 qui
339 861 464 914 possit
505 876 646 899 verum
684 861 785 910 else,
837 864 954 915 quod
999 866 1215 903 Suetonius
1256 863 1346 902 heic
1396 863 1492 902 dicit
1535 864 1588 903 de

217 929 392 970 Caesare
430 928 654 968 diversorio
693 929 844 968 Catulli
888 934 1038 982 patris,
1085 930 1178 983 post
1207 930 1589 970 reconciliationem

218 995 303 1036 uso.
365 997 507 1048 Quare
531 994 728 1047 Iosephus
756 997 937 1052 Scaliger
964 1001 1070 1037 inter
1102 1000 1290 1037 Suetonii
1316 991 1590 1052 παροροέμοιτοι

219 1062 327 1102 hanc
356 1062 565 1102 historiam
596 1060 676 1102 esse
705 1066 945 1115 ponendam
975 1066 1206 1116 pertendit,
1271 1068 1380 1104 notis
1422 1065 1476 1103 ad
1509 1066 1591 1103 Eu-

207 1130 316 1172 Iebii
347 1129 624 1178 chronicum,
666 1145 842 1172 numero
880 1134 1210 1172 MDCCCCLX.

332 1198 434 1250 Cap.
473 1204 537 1249 74.
607 1200 806 1250 Ittgulczri
842 1203 967 1253 prius
1010 1199 1144 1251 inffic,
1212 1197 1374 1238 deinde
1407 1197 1588 1253 fiffgi]

215 1264 492 1317 Tarquinium
514 1265 692 1305 Priscum
727 1267 912 1307 crucibus
941 1266 1064 1307 fixiffe
1095 1281 1242 1307 eorum
1270 1280 1471 1319 corpora,
1518 1269 1591 1319 qui

216 1345 362 1370 necem
404 1330 477 1371 fibi
508 1334 770 1385 conscissent,
808 1346 929 1379 notat
958 1336 1131 1381 Plinius,
1171 1344 1219 1372 ut
1251 1334 1414 1373 saevum
1446 1345 1487 1373 et
1518 1337 1590 1374 uni

215 1399 275 1438 iffi
318 1398 582 1452 usurpatum,
635 1402 750 1442 locus
795 1401 851 1442 est
877 1403 946 1442 lib.
975 1404 1041 1451 56.
1077 1416 1166 1453 cap.
1205 1411 1267 1448 15.
1324 1402 1409 1441 Sub
1452 1402 1591 1454 Impp.

214 1480 316 1505 vero
345 1467 501 1506 factum
526 1467 700 1522 saepius,
730 1479 777 1508 ut
806 1481 1019 1522 amputata
1058 1467 1240 1507 sontibus
1273 1471 1407 1521 capita
1441 1471 1482 1507 in
1503 1483 1591 1508 cru-

213 1547 306 1573 cem
339 1534 594 1575 tollerentur.
653 1537 899 1590 Exemplum
939 1536 995 1576 est
1021 1539 1063 1575 in
1094 1537 1225 1589 Nigro
1261 1535 1374 1587 apud
1414 1535 1590 1587 xiphili-

214 1615 315 1642 num
351 1605 395 1641 in
423 1604 600 1649 Severo;
632 1614 673 1643 et
704 1607 746 1642 in
773 1604 926 1643 Albino
956 1604 1069 1657 apud
1114 1603 1293 1642 eundem
1332 1601 1592 1655 Xiphilinum

217 1679 261 1708 et
293 1669 597 1709 Herodianum.
686 1672 827 1710 Simile
873 1670 949 1718 est,
998 1671 1116 1725 quod
1151 1672 1204 1710 de
1241 1671 1469 1710 Cleomene
1498 1670 1592 1708 Plu-

217 1735 383 1775 tarchus
416 1748 576 1776 narrat:
610 1739 722 1776 cuius
751 1737 876 1778 verba
908 1752 960 1779 eo
991 1740 1202 1790 proferam
1237 1738 1442 1784 libentius,
1474 1737 1594 1789 quod

216 1817 357 1842 veram
388 1818 535 1843 eorum
576 1804 816 1844 sententiam
853 1820 941 1844 non
970 1808 1216 1859 interpretes
1248 1806 1379 1845 modo
1412 1819 1500 1845 non
1535 1807 1592 1843 vi-

214 1871 339 1918 dere,
388 1871 458 1910 sed
488 1887 542 1911 ne
576 1873 826 1912 doctissimus
856 1873 1026 1926 quidem
1056 1873 1126 1912 ille
1168 1876 1249 1920 vir,
1285 1876 1356 1926 qui
1384 1886 1520 1926 nuper
1550 1875 1593 1912 in

214 1937 360 1978 libello
396 1940 448 1978 de
483 1954 604 1979 cruce
641 1954 737 1980 eum
776 1944 974 1980 tractavit.
1057 1941 1298 1980 Plutarchus
1327 1943 1450 1995 igitur
1481 1938 1593 1992 post-

217 2020 347 2059 quam
371 2008 605 2047 Cleomenis
637 2006 907 2050 αὕτοκτονιοιν
939 2011 1304 2056 commemoravit,
1333 2004 1384 2049 ‘O
1417 2007 1459 2048 δὲ
1484 2007 1592 2048 Πτο-

217 2075 421 2125 λεαικῗος,
452 2078 598 2130 inquit,
629 2092 682 2123 ως
717 2077 822 2127 ἔγνω
853 2092 1006 2124 ταυτα,
1020 2075 1264 2131 προςέτοιέε
1298 2090 1343 2115 το
1377 2090 1495 2125 σωμοι
1517 2089 1590 2123 του

215 2140 480 2192 Κλεομένους
514 2136 718 2198 κρεαοῖσοιι
749 2138 1169 2200 καταβυρσώσαντας.
1227 2144 1481 2190 Sententiam
1512 2139 1594 2180 esse

214 2219 390 2261 putant,
420 2207 564 2249 iuffisse
596 2210 900 2260 Ptolemaeum,
931 2223 977 2252 ut
1009 2210 1244 2250 Cleomenis
1279 2223 1430 2262 corpus
1464 2213 1592 2249 cruci-

214 2275 411 2330 figeretur
442 2288 535 2316 cute
570 2277 766 2316 detracta.
853 2278 936 2317 Sed
973 2291 1119 2317 vocem
1162 2276 1453 2331 καταβυρσοῧν
1499 2280 1591 2329 quis

215 2358 399 2398 unquam
434 2349 491 2384 ita
522 2343 761 2397 usurpavit?
789 2343 871 2397 ipsa
902 2347 1011 2383 vocis
1043 2343 1315 2396 compositio,
1346 2342 1375 2382 fi
1406 2344 1594 2396 exempla

215 2409 421 2460 deessent,
470 2413 583 2451 illam
631 2415 1020 2464 interpretationem
1064 2427 1141 2464 per
1172 2412 1210 2450 se
1249 2412 1339 2451 satis
1369 2411 1590 2450 refelleret.

217 2481 362 2531 Quare
399 2490 470 2518 aut
497 2494 643 2519 eorum
677 2480 867 2519 codicum
896 2478 1117 2530 probanda
1149 2474 1313 2534 γραφή,
1347 2481 1417 2532 qui
1440 2477 1593 2516 habent

218 2540 620 2601 κχταεμυρειῖσκντσις,
652 2558 693 2586 et
725 2545 992 2586 vertendum:
1020 2545 1136 2598 luffit
1171 2548 1410 2585 Cleomenis
1439 2557 1593 2598 corpus

214 2612 340 2667 affigi
366 2617 512 2659 cruci,
544 2617 769 2667 unguentis
797 2615 998 2669 fariam,
1037 2612 1115 2653 five
1143 2624 1444 2668 unguentatum
1478 2611 1590 2662 (sen-
