1678 2964
460 157 524 199 IN
559 160 885 202 AUGUSTUM.
945 163 1063 204 cAP.
1093 165 1162 212 86.
1410 173 1490 220 451

124 282 252 336 longe
280 282 455 322 diversus
487 282 537 323 ab
567 282 642 323 isto
678 284 864 324 Rhetore
895 287 1010 327 dictis
1053 288 1254 342 factisque
1296 289 1491 339 barbaro,

122 348 201 388 suit
221 349 394 397 Tullius,
428 366 553 404 quem
587 356 896 392 coniuratorum
925 358 968 393 in
992 354 1207 394 Caesarem
1238 371 1365 397 unum
1396 360 1492 398 fuis-

119 417 184 465 se,
226 417 392 458 constat.
454 420 671 458 Veranius
700 420 878 461 Flaccus
904 419 975 459 iste
1014 421 1112 459 mihi
1156 422 1211 462 est
1242 426 1487 481 incognitus.

118 484 343 524 Veranium
393 487 601 538 quendam
641 486 810 525 laudant
848 487 973 538 saepe
1015 486 1178 536 Festus,
1225 491 1486 544 Macrobius,

121 553 211 599 alii,
249 557 291 592 in
321 553 594 604 explicazione
623 553 846 592 verborum
883 557 1167 605 antiquorum:
1207 557 1263 596 illi
1290 573 1377 599 non
1401 575 1487 599 ma-

114 619 156 658 le
188 622 424 666 conveniat,
467 621 583 673 qnod
613 619 677 658 hie
706 621 758 658 de
790 634 841 659 eo
871 620 1074 674 Augustus
1107 626 1259 672 innuit,
1300 630 1487 680 amiqua-

114 690 221 726 rium
262 697 302 725 et
344 687 627 726 obsoletorum
667 687 890 727 verborum
933 695 1076 727 amore
1120 692 1310 742 ineptum
1341 697 1383 733 in
1421 694 1486 733 lo-

114 753 285 807 quendo
328 753 595 794 scribendove
636 753 775 795 suiss'e:
835 753 905 795 sed
940 754 998 792 illi
1042 758 1223 796 Veranio
1270 772 1321 798 an
1360 762 1486 801 fuerit

112 834 350 875 cognomen
377 821 546 869 Flacco,
577 821 726 861 nescio.
774 821 1130 875 Beroaldus‚'qui
1160 824 1339 864 bem-ias
1358 828 1483 866 Flac-

112 902 186 928 οω-
224 889 440 936 emendat,
486 887 556 927 etsi
588 902 675 927 non
715 891 863 940 ineptis
901 890 1128 930 rationibus
1166 904 1378 942 movetur,
1420 907 1483 935 ta-

87 957 383 1009 ›men‚··qu0d
416 959 454 995 ei
487 957 725 1001 obiiciatur,
767 969 854 994 non
889 953 1024 1003 deest,
1063 968 1109 996 ut
1152 961 1310 999 erudite
1345 962 1481 1001 obser-

108 1037 248 1064 vatum
277 1022 333 1062 est
365 1038 386 1063 a
409 1026 647 1064 Torrentio.
708 1024 816 1062 Nam
847 1022 936 1063 satis
969 1023 1114 1077 liquet,
1147 1040 1265 1075 eum,
1305 1032 1375 1081 qui
1410 1029 1480 1069 hic

64 1090 203 1131 >*cum
244 1088 420 1136 'Cimbro
461 1095 700 1131 nominatur
747 1092 797 1130 ab
847 1090 1057 1145 Augusto,
1115 1091 1190 1146 §pfl
1237 1093 1354 1132 fuisse
1393 1091 1479 1136 cin-0⁸

106 1159 274 1210 θυμοῦ,
324 1162 615 1214 ingratumque
660 1169 785 1211 atque
828 1160 934 1198 adeo
980 1159 1145 1198 exosum
1184 1163 1269 1199 eius
1313 1162 1478 1203 dicendi

86 1240 261 1281 >genus:
304 1237 358 1270 ⁴ut
385 1241 531 1278 parum
561 1226 607 1267 fit
637 1227 878 1279 probabile,
916 1227 1018 1266 illius
1049 1240 1200 1279 opera,
1238 1231 1479 1284 quicunque

106 1294 275 1332 tandem
309 1296 432 1333 fuerit
461 1297 514 1341 is,
549 1293 714 1333 usurum
740 1293 967 1349 Augustum
994 1297 1036 1334 in
1065 1294 1201 1334 liberis
1234 1296 1309 1335 suis
1343 1299 1478 1338 erudi—

106 1362 234 1400 endis.
306 1361 406 1399 Non
433 1375 533 1416 ergo
565 1363 744 1400 Verrius
773 1363 951 1401 Flaccus
986 1360 1064 1408 est,
1109 1376 1234 1414 quem
1268 1364 1336 1402 ille
1363 1368 1477 1417 prin-

104 1443 201 1481 ceps
222 1425 550 1481 ,praeceptorem
577 1429 652 1469 suis
686 1431 909 1482 nepotibus
943 1429 1091 1483 elegit,
1125 1428 1222 1470 teste
1256 1432 1475 1473 Suetonio.

80 1498 272 1544 ‘Puterm
334 1495 447 1534 haud
474 1507 629 1536 temere
668 1496 861 1536 affirmari
894 1494 1035 1549 posse,
1090 1495 1198 1536 hunc
1239 1496 1320 1536 effe
1360 1499 1475 1538 Gra-

101 1566 221 1602 nium
256 1563 480 1607 Ὲῖαεεηηι,
520 1567 592 1616 qui
621 1565 674 1603 de
700 1568 788 1603 iure
821 1566 1055 1618 Papyriano
1081 1562 1308 1615 scripserat:
1360 1569 1475 1606 cuius

101 1634 279 1670 auctoris
333 1641 375 1670 et
419 1633 462 1669 in
508 1632 715 1670 Pandecte
761 1642 946 1670 veterum
997 1630 1382 1669 Iurisconsultorum
1429 1632 1476 1672 fit

98 1701 281 1746 mentio,
318 1709 359 1736 et
391 1698 503 1750 apud
532 1697 764 1737 Arnobium
791 1698 860 1737 lib.
885 1707 945 1745 5.:
982 1710 1079 1736 nam
1113 1708 1153 1736 et
1175 1701 1218 1737 in
1245 1697 1397 1738 horum
1424 1700 1474 1739 li-

97 1765 180 1805 bris
206 1779 286 1817 pro
327 1765 519 1805 Granius
553 1766 619 1804 alii
656 1765 816 1804 codices
857 1765 1099 1816 praeferunt
1139 1766 1346 1810 manius,
1399 1777 1474 1807 aut

102 1833 345 1873 Veranius:
391 1832 509 1885 quod
533 1830 703 1870 testatur
731 1842 772 1870 et
806 1830 982 1870 Iacobus
1015 1833 1216 1873 Cuiacius.
1289 1836 1471 1887 Lepidis-

96 1898 196 1939 fime
245 1914 345 1939 vero
386 1898 590 1953 Augustus
630 1899 772 1937 irridet
814 1900 1063 1944 Antonium,
1113 1898 1342 1939 deliberare
1374 1916 1472 1942 eum

96 1970 258 2016 dicens,
317 1979 457 2007 utrum
505 1967 657 2006 debeat
709 1967 762 2005 ad
804 1966 1047 2004 imitandum
1098 1964 1170 2004 fibi
1223 1980 1470 2021 proponere

96 2037 312 2077 Cimbrum
339 2037 590 2082 Anniumve,
635 2048 686 2073 an
708 2031 903 2072 Asiaticos
927 2043 1137 2072 oratores:
1171 2046 1299 2085 quum
1328 2047 1369 2074 et
1391 2035 1470 2076 ho-

93 2120 186 2146 rum
219 2115 260 2144 et
288 2104 456 2143 illorum
483 2101 640 2141 diverso
670 2115 820 2156 genere
850 2100 991 2139 vitiosa
1021 2098 1068 2139 fit
1108 2097 1134 2154 ἤ
1171 2101 1260 2141 ἰδέα
1292 2103 1365 2143 τοῦ
1400 2099 1467 2145 λό-

93 2188 192 2224 γους
231 2186 360 2225 quare
387 2181 580 2211 neutrum
609 2168 760 2208 horum
787 2171 830 2207 in
855 2167 1199 2207 deliberationem
1222 2172 1361 2208 venire
1394 2171 1467 2210 de·

93 2241 204 2280 buit:
239 2254 454 2293 nunquam
489 2241 597 2277 enlm
631 2236 759 2275 homo
794 2228 997 2290 φρενήρης
1027 2244 1067 2273 et
1095 2233 1190 2273 suae
1221 2234 1378 2286 spontis
1411 2238 1467 2277 de

75 2309 299 2348 *electione
332 2307 496 2345 alterius
526 2319 549 2344 e
580 2303 745 2343 duobus
774 2303 888 2342 malis
927 2301 1148 2349 deliberat,
1199 2300 1272 2341 nifi
1305 2305 1465 2342 incum-

93 2375 167 2414 bat
201 2372 432 2422 necessitas,
481 2384 522 2411 et
555 2381 702 2427 urgeat
734 2372 791 2409 vis
819 2371 972 2408 maior:
1026 2368 1146 2421 quod
1184 2367 1250 2408 hic
1283 2370 1362 2409 dici
1391 2385 1466 2411 ne-

93 2446 195 2498 quit.
252 2442 431 2480 Videtur
463 2451 600 2478 autem
628 2440 830 2477 Antonius
863 2446 1086 2489 utrumque
1115 2435 1269 2476 malum
1304 2435 1465 2477 habuis-

92 2510 154 2550 se:
195 2523 293 2548 nam
336 2519 376 2547 et
405 2521 527 2546 voces
559 2509 709 2545 amavit
740 2503 791 2542 ab
822 2501 894 2541 usu
924 2507 1134 2542 communi
1163 2514 1248 2542 tum
1286 2503 1460 2554 alienas,

91 2587 139 2617 ut
167 2564 309 2621 adivi,
344 2574 578 2630 piiffinms:
617 2584 657 2612 et
687 2574 811 2611 totius
838 2573 1035 2610 orationis
1068 2573 1152 2609 eius
1177 2570 1270 2609 idea
1297 2581 1338 2610 et
1368 2571 1461 2611 cha-

89 2655 226 2686 racter
257 2653 345 2684 erat
375 2641 569 2686 A-fiaticus
604 2641 675 2683 noc>
711 2629 938 2694 κομπώδης.
1003 2638 1115 2689 ‚Vere
1149 2637 1388 2678 Plutarchus
1420 2651 1460 2678 ea·

1190 2704 1322 2753 Ffa
