1678 2964
216 124 299 166 352
571 110 779 158 CASAUB
786 110 864 150 ΟΝ
866 110 886 150 Ι
923 110 1224 151 coifflEN-r.

327 238 427 290 Cap.
459 239 525 287 4⁴4
591 234 643 272 Ut
667 235 835 287 quoties
853 258 909 264 —
938 247 1116 287 usquam
1140 234 1317 286 publice
1347 232 1581 288 ederetur]

217 303 460 358 Spectacula
494 301 595 340 olim
625 299 853 340 edebantur
883 305 925 339 in
955 301 1078 348 urbe,
1123 301 1240 340 Italia
1276 312 1318 341 et
1348 302 1390 340 in
1416 305 1584 354 provin·

218 376 298 411 ciis.
366 372 418 408 Et
451 373 490 407 in
518 368 620 406 urbe
650 368 840 420 quidem,
884 368 960 406 alia
988 370 1030 406 in
1054 367 1238 415 theatro,
1274 369 1351 406 alia
1379 372 1422 408 in
1453 372 1581 413 circo,

218 438 294 477 alia
328 440 369 475 in
407 434 731 487 amphitheatro,
791 435 997 488 quaedam
1044 437 1086 473 in
1125 436 1221 473 foro
1268 435 1437 488 aliisque
1482 436 1584 474 locis

218 503 406 556 publicis.
481 503 611 555 Quod
648 516 749 555 ergo
796 506 872 548 ait,
913 504 1105 554 uspiam,
1150 503 1369 553 quomodo
1413 505 1612 554 accipie--

215 570 331 609 mus?
376 570 508 617 Puto,
543 570 595 608 de
621 569 746 616 urbe,
784 569 899 607 Italia
933 579 973 607 et
998 571 1217 620 provinciis
1252 569 1584 623 intelligendum:

217 638 261 676 id
293 639 401 675 enim
431 650 604 690 arguere
635 634 847 675 manifesto
887 636 1071 683 videtur,
1122 635 1239 689 quod
1268 635 1399 674 modo
1431 636 1584 674 dictum

219 703 275 743 est
306 703 359 742 de
389 701 603 742 occasione
642 705 737 742 sacti
774 704 930 741 decreti
958 702 1099 750 huius,
1135 716 1242 756 quae
1270 703 1452 742 Puteolis
1490 703 1584 741 data

222 773 326 812 fuit:
367 781 408 809 et
449 771 566 823 quod
592 770 709 818 dicit,
753 772 920 823 quocies
955 768 1063 822 quid
1082 768 1375 821 spectandum
1411 769 1587 823 publice

220 836 449 879 ederetur,
495 837 547 875 de
584 837 746 876 theatro
782 847 823 875 et
854 835 1016 876 scenicis
1055 839 1334 892 gymnicisque
1369 837 1476 876 ludis
1517 847 1587 876 aut

219 905 342 945 rebus
381 904 652 950 admirandIs,
685 917 793 956 quae
823 902 1070 956 spectandae
1107 903 1476 956 proponebamur,
1502 918 1587 942 ma·
1623 934 1628 939 .

219 975 328 1010 xime
372 974 642 1024 interpretor:
687 984 784 1009 nam
831 984 879 1009 ea
921 981 1055 1010 aetate
1099 983 1210 1010 extra
1247 971 1429 1010 Romam
1467 984 1586 1010 rarae

218 1042 482 1086 venationes,
531 1041 612 1077 rari
648 1036 863 1084 circenses,
914 1048 961 1075 ut
999 1037 1185 1090 pluribus
1237 1038 1333 1076 alibi
1375 1039 1585 1078 docemus.

219 1106 332 1145 Nihil
370 1120 469 1160 ergo
516 1103 686 1160 Augusti
725 1105 980 1158 temporibus
1021 1107 1074 1144 de
1110 1109 1227 1152 circi,
1273 1105 1374 1145 nihil
1413 1107 1466 1145 de
1502 1121 1587 1144 arn-

218 1173 443 1228 phitheatri
472 1173 631 1212 sedibus
664 1173 902 1211 decretum?
947 1173 1012 1211 De
1037 1172 1120 1211 hoc
1143 1173 1333 1226 quidem,
1371 1174 1488 1227 quod
1517 1173 1587 1212 sci-

221 1256 311 1289 am,
351 1240 473 1279 nihil:
513 1241 564 1279 de
590 1238 761 1279 sesfione
786 1243 829 1278 in
871 1243 979 1278 circo
1009 1241 1134 1278 refert
1173 1241 1258 1279 Dio
1287 1241 1356 1280 lib.
1383 1250 1448 1289 55.
1478 1255 1512 1280 a.
1535 1241 1584 1280 U.

223 1310 268 1347 C.
305 1309 566 1356 DCCLVIII,
606 1306 754 1359 cepisse
784 1308 913 1361 χωρὶς
942 1308 1022 1358 μὲν
1051 1301 1144 1353 τούς
1171 1302 1424 1361 βουλευτοές,
1459 1307 1587 1362 χωρὶς

220 1375 264 1416 δὲ
293 1368 387 1419 τούς
414 1376 558 1419 ἱππεῖς
583 1369 665 1414 cim)x
701 1373 773 1415 τοῦ
810 1373 954 1415 λοιποῦ
992 1367 1180 1428 πλήθους
1215 1375 1407 1414 circenses
1434 1375 1586 1428 specta-

220 1456 289 1481 re:
336 1442 453 1495 quod
490 1444 532 1479 in
565 1441 740 1480 Clau'dio
782 1451 822 1479 et
861 1443 1031 1480 Nerone
1078 1443 1150 1493 qui
1189 1439 1235 1479 fit
1276 1440 1585 1496 intelligendum

222 1510 415 1548 dicemus.
490 1509 643 1547 Verum
683 1507 881 1554 arbitror,
925 1509 1167 1546 Suetonium
1196 1507 1399 1547 hocloco
1434 1506 1586 1547 institu-

220 1588 308 1616 tum
337 1576 439 1614 illud
468 1588 554 1613 non
592 1573 804 1626 respicere.
885 1574 1025 1612 Simile
1066 1573 1143 1620 est,
1189 1575 1306 1627 quod
1337 1586 1474 1614 narrat
1501 1576 1584 1613 Dio

219 1642 289 1680 lib.
327 1652 393 1690 55.
425 1641 477 1679 dc
517 1641 745 1679 Polemone
770 1654 890 1694 rege,
920 1640 1031 1680 socio
1062 1655 1165 1692 pop.
1200 1642 1321 1681 Rom.
1353 1643 1586 1695 appellato:

221 1709 305 1751 Καὶ
339 1706 555 1763 προεδρία,
595 1710 749 1760 inquit,
792 1709 875 1752 τοῖς
903 1709 1151 1760 βουλευταῖς
1178 1711 1223 1749 ἐν
1253 1703 1364 1766 παίσῃ
1395 1710 1445 1766 τῇ
1475 1707 1587 1766 οἷρχῇ

223 1775 349 1817 αὐτοῦ
384 1778 426 1820 ἐς
457 1768 594 1814 πάντα
624 1769 676 1814 πὶ
704 1772 868 1828 θέατρα
905 1768 1044 1825 ἐδόθη.

334 1844 525 1881 Militem
544 1841 736 1891 secrevit
775 1856 804 1878 a
833 1841 1028 1894 populo]
1097 1840 1164 1879 Ad
1195 1840 1298 1895 legis
1338 1839 1455 1879 hulus
1484 1837 1588 1878 fimi-

224 1907 440 1948 litudinem
475 1911 704 1962 excogitata
731 1908 798 1946 illa
828 1923 850 1946 a
878 1909 997 1947 Iunio
1030 1907 1248 1956 Gallione,
1285 1908 1417 1947 nobili
1447 1907 1587 1946 adula-

222 1986 340 2023 tore,
389 1978 460 2029 qui
495 1990 529 2014 a.
559 1976 609 2014 U.
646 1976 691 2014 C.
728 1976 1042 2014 DCCLXXXV
1076 1989 1151 2012 cen
1172 1977 1260 2018 uic,
1300 1978 1434 2028 inquit
1468 1976 1588 2014 Taci-

223 2054 286 2081 tus
330 2044 367 2081 6.
395 2042 541 2081 Annal.
570 2051 608 2090 5.
657 2053 703 2080 uc
733 2045 1015 2096 praetoriani
1061 2044 1174 2080 accis
1211 2040 1475 2095 stipendiis,
1524 2044 1589 2080 ius

221 2110 518 2162 apiscerentur
547 2112 594 2147 in
625 2108 957 2163 quatuordeeim
985 2109 1208 2148 ordinibus
1219 2107 1436 2159 sedendi:
1463 2121 1588 2162 quem

222 2179 354 2215 virum
386 2179 600 2229 increpans
631 2176 820 2216 Tiberius
865 2180 944 2223 ait,
989 2177 1191 2231 7·eper{ffe
1230 2177 1431 2229 prorfits,
1470 2175 1590 2230 quod

225 2242 345 2282 divus
366 2242 581 2295 Angustus
606 2258 692 2281 non
724 2242 981 2296 providerit.
1037 2243 1119 2282 Ubi
1148 2257 1235 2282 non
1265 2243 1435 2282 dubium
1464 2243 1589 2281 alludi

225 2310 279 2348 ad
310 2309 415 2349 hanc
444 2311 748 2349 ordinationem
778 2309 959 2364 Augusti,
991 2324 1098 2363 quae
1128 2309 1194 2349 hic
1227 2321 1586 2350 commemoratur.

334 2380 516 2416 Asaricis
564 2392 588 2415 e
638 2377 769 2430 plebe
828 2379 1032 2430 proprios
1091 2377 1304 2432 ordines]
1388 2377 1588 2433 Uartialis

224 2442 294 2482 lib.
325 2454 363 2492 5.
401 2449 528 2500 epigr.
562 2452 629 2496 42.

364 2522 525 2561 Sedere
560 2525 606 2562 in
637 2524 828 2576 equitum
860 2536 918 2560 tm
947 2521 1030 2559 tihi
1057 2521 1189 2559 liceat
1207 2522 1404 2572 scamnis

367 2578 563 2625 Videbo,
600 2579 845 2633 Dindyme:
889 2592 975 2616 non
1012 2578 1113 2616 licet
1149 2581 1419 2621 maritorum.
