1678 2964
227 181 248 207 2
257 182 276 206 2
282 177 309 215 s
579 167 649 206 CA
656 166 790 207 SAUB
798 167 897 208 ONI
939 168 1241 211 COMMENT.

170 321 184 329 .
227 292 334 331 libro
372 293 564 344 proximo
607 291 801 333 dicemus.
869 293 1029 333 Auctor
1062 293 1116 333 de
1155 297 1201 334 iis
1232 295 1444 347 loquitur,
1490 309 1599 348 quos

226 359 408 399 reversus
455 359 683 411 Apollonia
736 364 874 413 primo
935 361 1064 400 edidit
1108 364 1151 400 in
1197 367 1324 415 patris
1378 361 1599 400 honorem.

227 430 450 466 Suetonius
488 427 552 466 hic
583 427 749 467 seorfim
787 428 907 468 sentit
946 429 996 468 ab
1030 429 1139 476 aliis,
1202 433 1275 483 qui
1305 444 1393 469 non
1437 429 1602 468 Caesari

228 495 296 534 sed
322 497 474 533 Veneri
506 496 704 536 Genitrici
726 511 799 537 eos
832 497 979 546 ludos,
1023 496 1170 549 quibus
1199 508 1362 536 cometa
1394 501 1601 550 apparuit,

218 560 343 601 *faiffe
382 562 640 604 consecratos
681 565 872 611 tradunt:
920 567 1098 610 Seneca,
1142 564 1315 613 Plinius,
1359 566 1469 611 Dio,
1520 565 1600 603 alii.

228 627 444 669 Poll‘umus
477 632 698 671 conciliare
738 635 882 671 ceteris
919 630 1129 678 nostrum,
1185 630 1215 670 fi
1247 632 1317 672 illa
1345 632 1473 671 verba
1503 632 1605 670 con-⁷

212 697 417 748 secrato-5
445 700 510 741 ei,
547 713 827 751 exponamus,
866 698 1126 739 consecratos
1156 699 1207 738 ab
1237 713 1302 738 eo.
1369 699 1430 738 Ita
1458 697 1604 750 saepis-

228 762 326 803 sime
350 763 539 817 loquitur
569 767 804 804 Suetonius.
862 768 1101 818 Appianus:
1122 766 1298 820 ’Καῖσαρ
1328 765 1436 811 θέας
1464 765 1602 806 ἐτέλει

228 830 508 882 οἰνκκειμένεις
544 834 592 873 ἐκ
639 833 713 873 τοῦ
749 828 905 887 πατρός
942 831 1166 888 Ἀφροδίτῃ
1197 833 1433 888 Γενετείρᾳ.

338 901 581 939 Simulacro
611 903 702 938 eius
736 903 783 938 im
807 903 973 939 vertice
1000 899 1188 939 additur
1211 898 1369 954 stella]
1434 899 1503 938 Ad
1536 913 1604 938 ex-

228 966 414 1020 emplum
440 970 531 1006 -eius
563 966 766 1007 simulacri
775 997 788 1015 ,
829 969 947 1020 quod
971 967 1175 1022 Augustus
1213 971 1250 1007 ei
1277 979 1365 1007 tum
1392 967 1604 1007 consecra-

226 1039 305 1082 vit,
341 1047 388 1075 ut
418 1049 463 1074 ex
495 1035 583 1088 ipso
618 1037 747 1075 refert
778 1036 952 1084 Plinius,
993 1040 1036 1075 in
1064 1038 1182 1076 soro:
1221 1046 1269 1074 ut
1295 1020 1605 1090 Dio‚—sn⁶ip[a

227 1106 400 1143 Veneris
447 1104 664 1143 Genitricis
699 1104 816 1142 aede.
1609 1147 1611 1149 ,

341 1170 415 1214 Ac
447 1184 501 1208 ne
530 1184 725 1223 unquam.
749 1186 799 1209 eo
833 1168 931 1224 die]
1002 1171 1087 1223 Qui
1115 1181 1210 1210 ante
1243 1170 1416 1224 legitimi
1441 1168 1605 1210 senatus

227 1237 441 1281 diesemt.
499 1240 662 1278 Notum
693 1255 740 1279 ex
764 1236 955 1285 historia,
988 1248 1027 1276 et
1057 1249 1204 1277 monet
1224 1239 1323 1277 Dio.

340 1306 444 1358 Cap.
466 1315 533 1359 39.
594 1307 895 1360 Percnſjbrum
919 1315 1089 1348 autem,
1122 1307 1227 1359 fere
1253 1329 1310 1335 —
1325 1303 1600 1358 fitpervixic]

224 1373 335 1412 Sane
353 1376 472 1427 fere.
529 1375 639 1413 Nam
671 1371 871 1413 exceffere
907 1375 1127 1411 triennium
1154 1387 1240 1412 non
1271 1375 1406 1424 pauci.
1464 1372 1606 1413 Prima

222 1440 378 1489 hostia,
430 1456 515 1495 qua
551 1457 664 1482 mors
696 1441 891 1491 ¹Caesaris
930 1444 1093 1494 expiata
1134 1439 1214 1487 est,
1270 1441 1316 1478 C.
1362 1437 1599 1478 Trebonius

220 1509 324 1556 fuit,
375 1523 502 1563 quem
535 1513 580 1550 in
606 1509 701 1550 Afia
729 1509 956 1550 Dolabella
997 1509 1158 1548 occidit.
1225 1509 1374 1546 Secuta
1415 1507 1512 1545 inde
1544 1507 1601 1544 D.

221 1576 340 1614 Bruti
370 1577 517 1616 caedes
555 1588 596 1616 et
630 1579 771 1616 Pontii
801 1577 994 1630 Aquilae,
1033 1576 1295 1628 aliorumque
1326 1574 1437 1612 bello
1473 1573 1603 1612 Muti-
1652 1613 1672 1623 μ

222 1643 358 1682 uenfi:
409 1659 509 1684 mox
532 1644 739 1684 celebrata
763 1644 1035 1697 proscriptio,
1078 1658 1160 1697 qua
1190 1645 1314 1695 periit
1342 1643 1527 1695 Ligarius
1558 1651 1600 1680 et

222 1714 463 1764 quicunque
502 1713 571 1751 alii
602 1711 810 1764 prehendi
847 1723 1089 1765 potuerunt.
1163 1710 1246 1749 Sed
1283 1710 1451 1762 plurimi
1484 1708 1598 1748 bello

219 1778 492 1833 Philippenli,
537 1782 657 1834 quod
693 1784 816 1820 tertio
850 1796 960 1821 anno
998 1795 1022 1819 a
1053 1779 1180 1819 caede
1212 1779 1300 1817 Caii
1330 1776 1487 1832 gestum
1519 1774 1597 1824 est,

217 1847 365 1886 sublati
396 1847 497 1887 sunt.
559 1849 660 1902 Quo
690 1846 910 1901 respiciens
945 1851 1189 1894 Suetonius,
1227 1859 1387 1899 paucos
1419 1847 1596 1883 triennio
1649 1888 1651 1890 ,

215 1913 475 1967 supervixisse
514 1914 661 1955 scribit.
730 1917 855 1955 Pauci
894 1917 977 1965 illi,
1031 1919 1055 1955 ii
1104 1917 1214 1961 sunt,
1265 1916 1335 1966 qui
1376 1927 1469 1951 cum
1505 1913 1596 1951 Sex.

214 1982 424 2036 Pompeio
455 1994 584 2023 erant.
650 1982 807 2038 Estque
837 1998 984 2023 eorum
1020 1985 1178 2022 mentio
1213 1981 1329 2034 apud
1357 1974 1599 2033 Appianum

215 2061 258 2089 et
289 2052 474 2090 Dionem
508 2055 552 2091 in
590 2055 704 2105 pacis
744 2052 1079 2101 conditionibus,
1125 2064 1233 2105 quae
1268 2051 1461 2088 convenit
1489 2050 1598 2086 inter

213 2107 444 2176 Caesarem,
476 2122 708 2161 Antonium
735 2131 778 2160 et
806 2121 1076 2173 Pompeium,
1111 2133 1221 2158 anno
1242 2119 1292 2156 U.
1315 2118 1361 2155 C.
1381 2115 1594 2161 DCCXV,

210 2185 306 2239 post
331 2188 419 2227 Caii
442 2202 588 2228 necem
618 2192 778 2242 quinto.
837 2189 1162 2240 Supervixerunt
1196 2196 1237 2224 et
1266 2185 1471 2235 Pompeio
1504 2184 1595 2235 qui-

211 2255 332 2304 dam,
382 2257 568 2296 Antonio
612 2256 720 2310 ipsos
759 2265 1032 2308 protegente:
1079 2257 1121 2293 in
1160 2252 1220 2292 his
1262 2248 1490 2291 Parmensis
1524 2249 1594 2288 ille

211 2319 389 2371 camus,
439 2338 563 2378 quem
599 2322 857 2376 postremum
889 2325 1072 2362 omnium
1109 2335 1268 2374 poenas
1310 2317 1465 2358 dedisse
1494 2317 1594 2357 Vel-

207 2392 309 2429 leius
350 2393 417 2429 air.
503 2391 620 2431 Obiit
655 2389 754 2445 post
784 2392 996 2429 Actiacum
1036 2388 1215 2437 bellum,
1267 2401 1398 2440 quum
1428 2385 1592 2426 Caesari
1660 2438 1668 2452 ν

205 2456 483 2511 Iupexvixiffet
524 2473 655 2498 annos
696 2459 918 2505 tredecim,
975 2468 1016 2495 et
1057 2457 1174 2509 quod
1215 2458 1401 2494 excurrit.
1481 2453 1603 2496 Huic,
1660 2453 1670 2467 ⁴

204 2540 336 2577 porro
374 2527 427 2565 do
462 2524 643 2565 Caesaris
671 2524 975 2577 percussoribus
1012 2524 1314 2570 observationi,
1359 2520 1492 2561 similis
1533 2517 1590 2560 est

203 2592 273 2631 ista
314 2595 545 2633 Marcellini
584 2593 637 2631 de
683 2594 920 2633 auctoribus
966 2594 1102 2632 caedis
1149 2593 1354 2633 Gordiani
1392 2591 1587 2628 iunioris:

202 2661 292 2700 Nec
327 2676 527 2700 erravere
565 2659 642 2699 diu
676 2675 826 2702 manes
857 2665 949 2702 eius
993 2662 1123 2700 inulti
1137 2690 1145 2703 .
1194 2658 1315 2716 quod
1346 2657 1464 2698 velut
1497 2655 1587 2694 cla-

1631 1922 1647 1936 X
